<?xml version="1.0" encoding="UTF-8"?>
<!DOCTYPE html PUBLIC "-//W3C//DTD XHTML 1.0 Transitional//EN"
    "http://www.w3.org/TR/xhtml1/DTD/xhtml1-transitional.dtd">
<html xmlns="http://www.w3.org/1999/xhtml" xml:lang="en" lang="en">
 <head>
  <title>
</title>
<meta http-equiv="Content-Type" content="text/html;charset=utf-8" />
  <meta name='ocr-system' content='tesseract 3.04.00' />
  <meta name='ocr-capabilities' content='ocr_page ocr_carea ocr_par ocr_line ocrx_word'/>
</head>
<body>
  <div class='ocr_page' id='page_1' title='image "./desupplicumeurip00gebhuoft_0051.png"; bbox 0 0 1743 3163; ppageno 0'>
   <div class='ocr_carea' id='block_1_1' title="bbox 753 230 805 272">
    <p class='ocr_par' dir='ltr' id='par_1_1' title="bbox 753 230 805 272">
     <span class='ocr_line' id='line_1_1' title="bbox 753 230 805 272; baseline 0 0"><span class='ocrx_word' id='word_1_1' title='bbox 753 230 805 272; x_wconf 82' lang='lat'>47</span> 
     </span>
    </p>
   </div>
   <div class='ocr_carea' id='block_1_2' title="bbox 86 359 1477 2822">
    <p class='ocr_par' dir='ltr' id='par_1_2' title="bbox 86 359 1477 2501">
     <span class='ocr_line' id='line_1_2' title="bbox 89 359 1476 418; baseline -0.005 -10"><span class='ocrx_word' id='word_1_2' title='bbox 89 366 281 408; x_wconf 84' lang='lat' dir='ltr'>titionem</span> <span class='ocrx_word' id='word_1_3' title='bbox 309 364 412 407; x_wconf 86' lang='lat' dir='ltr'>tolli.</span> <span class='ocrx_word' id='word_1_4' title='bbox 477 364 631 406; x_wconf 88' lang='lat' dir='ltr'>Contra</span> <span class='ocrx_word' id='word_1_5' title='bbox 667 377 791 418; x_wconf 90' lang='lat' dir='ltr'>quem</span> <span class='ocrx_word' id='word_1_6' title='bbox 827 364 881 406; x_wconf 91' lang='lat' dir='ltr'>H.</span> <span class='ocrx_word' id='word_1_7' title='bbox 915 362 1088 405; x_wconf 78' lang='lat' dir='ltr'>Cronius</span> <span class='ocrx_word' id='word_1_8' title='bbox 1130 361 1185 414; x_wconf 81' lang='grc' dir='ltr'>(ὅ.</span> <span class='ocrx_word' id='word_1_9' title='bbox 1217 360 1264 402; x_wconf 77' lang='lat' dir='ltr'>G.</span> <span class='ocrx_word' id='word_1_10' title='bbox 1297 359 1403 402; x_wconf 81' lang='lat'>1875</span> <span class='ocrx_word' id='word_1_11' title='bbox 1436 372 1476 413; x_wconf 88' lang='lat' dir='ltr'>p.</span> 
     </span>
     <span class='ocr_line' id='line_1_3' title="bbox 92 437 1475 495; baseline -0.005 -10"><span class='ocrx_word' id='word_1_12' title='bbox 92 443 190 495; x_wconf 84' lang='lat'>103)</span> <span class='ocrx_word' id='word_1_13' title='bbox 218 455 362 484; x_wconf 79' lang='lat' dir='ltr'>versus</span> <span class='ocrx_word' id='word_1_14' title='bbox 396 442 494 484; x_wconf 82' lang='lat'><strong>137:</strong></span> <span class='ocrx_word' id='word_1_15' title='bbox 531 438 605 483; x_wconf 82' lang='grc' dir='ltr'><em>τίν’</em></span> <span class='ocrx_word' id='word_1_16' title='bbox 641 441 699 491; x_wconf 80' lang='grc' dir='ltr'>εἰς</span> <span class='ocrx_word' id='word_1_17' title='bbox 729 439 865 494; x_wconf 74' lang='grc' dir='ltr'><strong>ἔρωτα</strong></span> <span class='ocrx_word' id='word_1_18' title='bbox 903 437 984 481; x_wconf 79' lang='grc' dir='ltr'>κτὲ.</span> <span class='ocrx_word' id='word_1_19' title='bbox 1026 439 1229 492; x_wconf 90' lang='lat' dir='ltr'>quomodo</span> <span class='ocrx_word' id='word_1_20' title='bbox 1267 438 1344 479; x_wconf 94' lang='lat' dir='ltr'>hoc</span> <span class='ocrx_word' id='word_1_21' title='bbox 1387 437 1475 478; x_wconf 91' lang='lat' dir='ltr'>loco</span> 
     </span>
     <span class='ocr_line' id='line_1_4' title="bbox 89 517 1475 574; baseline -0.004 -12"><span class='ocrx_word' id='word_1_22' title='bbox 89 522 202 563; x_wconf 89' lang='lat' dir='ltr'>ortus</span> <span class='ocrx_word' id='word_1_23' title='bbox 233 521 297 572; x_wconf 86' lang='lat' dir='ltr'>sit,</span> <span class='ocrx_word' id='word_1_24' title='bbox 329 533 371 562; x_wconf 92' lang='lat' dir='ltr'>se</span> <span class='ocrx_word' id='word_1_25' title='bbox 400 522 493 562; x_wconf 90' lang='lat' dir='ltr'>tum</span> <span class='ocrx_word' id='word_1_26' title='bbox 521 521 644 574; x_wconf 88' lang='lat' dir='ltr'>plane</span> <span class='ocrx_word' id='word_1_27' title='bbox 673 521 832 562; x_wconf 84' lang='lat' dir='ltr'>nescire</span> <span class='ocrx_word' id='word_1_28' title='bbox 863 520 1095 562; x_wconf 90' lang='lat' dir='ltr'>confitetur.</span> <span class='ocrx_word' id='word_1_29' title='bbox 1151 518 1330 559; x_wconf 88' lang='lat' dir='ltr'>Nullum</span> <span class='ocrx_word' id='word_1_30' title='bbox 1358 517 1400 557; x_wconf 92' lang='lat' dir='ltr'>in</span> <span class='ocrx_word' id='word_1_31' title='bbox 1428 529 1475 557; x_wconf 92' lang='grc'>00</span> 
     </span>
     <span class='ocr_line' id='line_1_5' title="bbox 87 594 1475 653; baseline -0.005 -12"><span class='ocrx_word' id='word_1_32' title='bbox 87 600 217 641; x_wconf 87' lang='lat' dir='ltr'>latere</span> <span class='ocrx_word' id='word_1_33' title='bbox 247 600 396 641; x_wconf 88' lang='lat' dir='ltr'>vitium</span> <span class='ocrx_word' id='word_1_34' title='bbox 426 599 545 652; x_wconf 89' lang='lat' dir='ltr'>eique</span> <span class='ocrx_word' id='word_1_35' title='bbox 573 599 730 653; x_wconf 66' lang='lat' dir='ltr'>potius3</span> <span class='ocrx_word' id='word_1_36' title='bbox 762 610 888 652; x_wconf 90' lang='lat' dir='ltr'>quam</span> <span class='ocrx_word' id='word_1_37' title='bbox 921 598 999 641; x_wconf 83' lang='lat'>135</span> <span class='ocrx_word' id='word_1_38' title='bbox 1027 596 1273 651; x_wconf 87' lang='lat' dir='ltr'>respondere</span> <span class='ocrx_word' id='word_1_39' title='bbox 1311 608 1348 637; x_wconf 87' lang='lat' dir='ltr'>v.</span> <span class='ocrx_word' id='word_1_40' title='bbox 1383 594 1475 637; x_wconf 83' lang='lat'>138.</span> 
     </span>
     <span class='ocr_line' id='line_1_6' title="bbox 87 672 1476 732; baseline -0.003 -14"><span class='ocrx_word' id='word_1_41' title='bbox 87 677 236 719; x_wconf 81' lang='lat' dir='ltr'><strong>Adhuc</strong></span> <span class='ocrx_word' id='word_1_42' title='bbox 265 678 495 720; x_wconf 75' lang='lat' dir='ltr'>rectissime</span> <span class='ocrx_word' id='word_1_43' title='bbox 512 691 608 720; x_wconf 89' lang='grc'>011111</span> <span class='ocrx_word' id='word_1_44' title='bbox 628 678 860 732; x_wconf 88' lang='lat' dir='ltr'>disputasse</span> <span class='ocrx_word' id='word_1_45' title='bbox 881 678 995 731; x_wconf 85' lang='lat' dir='ltr'>puto.</span> <span class='ocrx_word' id='word_1_46' title='bbox 1027 675 1146 728; x_wconf 82' lang='lat' dir='ltr'>Quod</span> <span class='ocrx_word' id='word_1_47' title='bbox 1168 675 1309 716; x_wconf 88' lang='lat' dir='ltr'>autem</span> <span class='ocrx_word' id='word_1_48' title='bbox 1329 672 1476 715; x_wconf 89' lang='lat' dir='ltr'>deinde</span> 
     </span>
     <span class='ocr_line' id='line_1_7' title="bbox 89 752 1476 810; baseline -0.003 -14"><span class='ocrx_word' id='word_1_49' title='bbox 89 756 198 807; x_wconf 89' lang='lat' dir='ltr'>dicit,</span> <span class='ocrx_word' id='word_1_50' title='bbox 240 769 276 798; x_wconf 85' lang='lat' dir='ltr'>v.</span> <span class='ocrx_word' id='word_1_51' title='bbox 310 757 388 799; x_wconf 83' lang='lat'>136</span> <span class='ocrx_word' id='word_1_52' title='bbox 430 769 639 798; x_wconf 89' lang='lat' dir='ltr'>summam</span> <span class='ocrx_word' id='word_1_53' title='bbox 680 756 766 798; x_wconf 89' lang='lat' dir='ltr'>vim</span> <span class='ocrx_word' id='word_1_54' title='bbox 806 755 987 810; x_wconf 80' lang='lat' dir='ltr'>positam</span> <span class='ocrx_word' id='word_1_55' title='bbox 1029 767 1117 797; x_wconf 89' lang='lat' dir='ltr'>esse</span> <span class='ocrx_word' id='word_1_56' title='bbox 1157 754 1201 795; x_wconf 89' lang='lat' dir='ltr'>in</span> <span class='ocrx_word' id='word_1_57' title='bbox 1238 752 1476 810; x_wconf 84' lang='lat' dir='ltr'>nominibus</span> 
     </span>
     <span class='ocr_line' id='line_1_8' title="bbox 89 828 1476 889; baseline -0.005 -13"><span class='ocrx_word' id='word_1_58' title='bbox 89 834 271 889; x_wconf 89' lang='lat' dir='ltr'>(propter</span> <span class='ocrx_word' id='word_1_59' title='bbox 300 835 408 888; x_wconf 91' lang='lat' dir='ltr'>quod</span> <span class='ocrx_word' id='word_1_60' title='bbox 448 835 575 876; x_wconf 89' lang='lat' dir='ltr'>etiam</span> <span class='ocrx_word' id='word_1_61' title='bbox 610 835 845 888; x_wconf 73' lang='grc' dir='ltr'><em>Θηβαγενεῑ</em></span> <span class='ocrx_word' id='word_1_62' title='bbox 879 833 1067 875; x_wconf 83' lang='lat' dir='ltr'>additum</span> <span class='ocrx_word' id='word_1_63' title='bbox 1106 831 1212 884; x_wconf 86' lang='lat' dir='ltr'>esse)</span> <span class='ocrx_word' id='word_1_64' title='bbox 1247 844 1285 872; x_wconf 86' lang='lat' dir='ltr'>v.</span> <span class='ocrx_word' id='word_1_65' title='bbox 1318 828 1398 870; x_wconf 87' lang='grc'>144</span> <span class='ocrx_word' id='word_1_66' title='bbox 1433 829 1476 869; x_wconf 86' lang='grc'>111</span> 
     </span>
     <span class='ocr_line' id='line_1_9' title="bbox 86 909 1475 967; baseline -0.005 -13"><span class='ocrx_word' id='word_1_67' title='bbox 86 912 229 967; x_wconf 79' lang='grc' dir='ltr'><em>μάχην</em></span> <span class='ocrx_word' id='word_1_68' title='bbox 258 912 417 967; x_wconf 80' lang='grc' dir='ltr'><em>ξυνῆψε</em></span> <span class='ocrx_word' id='word_1_69' title='bbox 438 915 527 963; x_wconf 87' lang='lat' dir='ltr'>etc.‚</span> <span class='ocrx_word' id='word_1_70' title='bbox 548 913 678 954; x_wconf 85' lang='lat' dir='ltr'>talem</span> <span class='ocrx_word' id='word_1_71' title='bbox 698 912 1014 966; x_wconf 77' lang='lat' dir='ltr'>explicationem</span> <span class='ocrx_word' id='word_1_72' title='bbox 1035 909 1359 952; x_wconf 85' lang='lat' dir='ltr'>artificiosiorem</span> <span class='ocrx_word' id='word_1_73' title='bbox 1386 918 1475 948; x_wconf 90' lang='lat' dir='ltr'>esse</span> 
     </span>
     <span class='ocr_line' id='line_1_10' title="bbox 91 985 1477 1045; baseline -0.004 -13"><span class='ocrx_word' id='word_1_74' title='bbox 91 1003 247 1042; x_wconf 89' lang='lat' dir='ltr'>censeo,</span> <span class='ocrx_word' id='word_1_75' title='bbox 280 1003 406 1044; x_wconf 89' lang='lat' dir='ltr'>quam</span> <span class='ocrx_word' id='word_1_76' title='bbox 436 1004 518 1045; x_wconf 87' lang='lat' dir='ltr'>qua</span> <span class='ocrx_word' id='word_1_77' title='bbox 549 991 828 1042; x_wconf 81' lang='lat' dir='ltr'>difficultates,</span> <span class='ocrx_word' id='word_1_78' title='bbox 860 1003 963 1044; x_wconf 88' lang='lat' dir='ltr'>quas</span> <span class='ocrx_word' id='word_1_79' title='bbox 993 985 1169 1031; x_wconf 66' lang='lat' dir='ltr'>Kvicala</span> <span class='ocrx_word' id='word_1_80' title='bbox 1200 987 1369 1042; x_wconf 87' lang='lat' dir='ltr'>aperuit,</span> <span class='ocrx_word' id='word_1_81' title='bbox 1399 986 1477 1027; x_wconf 91' lang='grc'>101-</span> 
     </span>
     <span class='ocr_line' id='line_1_11' title="bbox 88 1065 1476 1118; baseline -0.003 -8"><span class='ocrx_word' id='word_1_82' title='bbox 88 1069 241 1118; x_wconf 83' lang='lat' dir='ltr'>lantur.</span> <span class='ocrx_word' id='word_1_83' title='bbox 301 1069 383 1111; x_wconf 84' lang='lat' dir='ltr'>Sed</span> <span class='ocrx_word' id='word_1_84' title='bbox 421 1070 587 1111; x_wconf 87' lang='lat' dir='ltr'>omnino</span> <span class='ocrx_word' id='word_1_85' title='bbox 617 1082 701 1110; x_wconf 92' lang='lat' dir='ltr'>non</span> <span class='ocrx_word' id='word_1_86' title='bbox 729 1070 1012 1112; x_wconf 89' lang='lat' dir='ltr'>necessarium</span> <span class='ocrx_word' id='word_1_87' title='bbox 1053 1081 1141 1110; x_wconf 91' lang='lat' dir='ltr'>esse</span> <span class='ocrx_word' id='word_1_88' title='bbox 1170 1067 1273 1109; x_wconf 90' lang='lat' dir='ltr'>mihi</span> <span class='ocrx_word' id='word_1_89' title='bbox 1304 1065 1476 1116; x_wconf 84' lang='lat' dir='ltr'>videtur,</span> 
     </span>
     <span class='ocr_line' id='line_1_12' title="bbox 89 1147 1477 1200; baseline -0.001 -13"><span class='ocrx_word' id='word_1_90' title='bbox 89 1158 158 1187; x_wconf 88' lang='lat' dir='ltr'>eas</span> <span class='ocrx_word' id='word_1_91' title='bbox 187 1147 289 1189; x_wconf 85' lang='lat' dir='ltr'>tolli.</span> <span class='ocrx_word' id='word_1_92' title='bbox 349 1147 575 1189; x_wconf 83' lang='lat' dir='ltr'>Videamus</span> <span class='ocrx_word' id='word_1_93' title='bbox 605 1161 657 1189; x_wconf 85' lang='lat' dir='ltr'>ne</span> <span class='ocrx_word' id='word_1_94' title='bbox 678 1148 891 1189; x_wconf 89' lang='lat' dir='ltr'>meliorem</span> <span class='ocrx_word' id='word_1_95' title='bbox 910 1147 1132 1189; x_wconf 72' lang='lat' dir='ltr'>recidamus</span> <span class='ocrx_word' id='word_1_96' title='bbox 1153 1147 1330 1200; x_wconf 72' lang='lat' dir='ltr'>poetam,</span> <span class='ocrx_word' id='word_1_97' title='bbox 1351 1156 1477 1198; x_wconf 90' lang='lat' dir='ltr'>quam</span> 
     </span>
     <span class='ocr_line' id='line_1_13' title="bbox 86 1215 1476 1279; baseline 0 -14"><span class='ocrx_word' id='word_1_98' title='bbox 86 1237 130 1266; x_wconf 90' lang='lat' dir='ltr'>re</span> <span class='ocrx_word' id='word_1_99' title='bbox 159 1237 256 1267; x_wconf 87' lang='lat' dir='ltr'>vera</span> <span class='ocrx_word' id='word_1_100' title='bbox 285 1224 384 1266; x_wconf 82' lang='lat' dir='ltr'>fuit!</span> <span class='ocrx_word' id='word_1_101' title='bbox 441 1226 646 1279; x_wconf 83' lang='lat' dir='ltr'>Equidem</span> <span class='ocrx_word' id='word_1_102' title='bbox 677 1238 751 1279; x_wconf 88' lang='lat' dir='ltr'>ego</span> <span class='ocrx_word' id='word_1_103' title='bbox 791 1227 870 1268; x_wconf 89' lang='lat' dir='ltr'>hac</span> <span class='ocrx_word' id='word_1_104' title='bbox 899 1227 942 1267; x_wconf 90' lang='lat' dir='ltr'>in</span> <span class='ocrx_word' id='word_1_105' title='bbox 972 1239 1014 1268; x_wconf 89' lang='lat' dir='ltr'>re</span> <span class='ocrx_word' id='word_1_106' title='bbox 1044 1215 1266 1267; x_wconf 71' lang='lat' dir='ltr'>Kvicalam</span> <span class='ocrx_word' id='word_1_107' title='bbox 1298 1236 1476 1277; x_wconf 89' lang='lat' dir='ltr'>sequens</span> 
     </span>
     <span class='ocr_line' id='line_1_14' title="bbox 87 1302 1476 1356; baseline -0.001 -13"><span class='ocrx_word' id='word_1_108' title='bbox 87 1303 189 1344; x_wconf 88' lang='lat' dir='ltr'>haec</span> <span class='ocrx_word' id='word_1_109' title='bbox 219 1314 383 1344; x_wconf 91' lang='lat' dir='ltr'>censeo:</span> <span class='ocrx_word' id='word_1_110' title='bbox 415 1303 543 1344; x_wconf 91' lang='lat' dir='ltr'>totius</span> <span class='ocrx_word' id='word_1_111' title='bbox 573 1303 652 1344; x_wconf 90' lang='lat' dir='ltr'>loci</span> <span class='ocrx_word' id='word_1_112' title='bbox 683 1316 829 1346; x_wconf 90' lang='lat' dir='ltr'>sensus</span> <span class='ocrx_word' id='word_1_113' title='bbox 860 1304 926 1345; x_wconf 90' lang='lat' dir='ltr'>hic</span> <span class='ocrx_word' id='word_1_114' title='bbox 958 1305 1042 1346; x_wconf 91' lang='lat' dir='ltr'>est:</span> <span class='ocrx_word' id='word_1_115' title='bbox 1073 1304 1231 1345; x_wconf 89' lang='lat' dir='ltr'>Theseo</span> <span class='ocrx_word' id='word_1_116' title='bbox 1252 1302 1476 1356; x_wconf 75' lang='lat' dir='ltr'>quaerenti,</span> 
     </span>
     <span class='ocr_line' id='line_1_15' title="bbox 88 1380 1477 1436; baseline -0.001 -15"><span class='ocrx_word' id='word_1_117' title='bbox 88 1392 171 1433; x_wconf 86' lang='lat' dir='ltr'>qua</span> <span class='ocrx_word' id='word_1_118' title='bbox 200 1380 249 1422; x_wconf 90' lang='lat' dir='ltr'>de</span> <span class='ocrx_word' id='word_1_119' title='bbox 280 1393 409 1423; x_wconf 85' lang='lat' dir='ltr'>causa</span> <span class='ocrx_word' id='word_1_120' title='bbox 438 1381 597 1422; x_wconf 86' lang='lat' dir='ltr'>bellum</span> <span class='ocrx_word' id='word_1_121' title='bbox 626 1382 820 1424; x_wconf 77' lang='lat' dir='ltr'>movisti?</span> <span class='ocrx_word' id='word_1_122' title='bbox 850 1382 1070 1436; x_wconf 76' lang='lat' dir='ltr'>respondet</span> <span class='ocrx_word' id='word_1_123' title='bbox 1099 1382 1322 1423; x_wconf 74' lang='lat' dir='ltr'>Adrastus:</span> <span class='ocrx_word' id='word_1_124' title='bbox 1354 1391 1477 1432; x_wconf 90' lang='lat' dir='ltr'>gene-</span> 
     </span>
     <span class='ocr_line' id='line_1_16' title="bbox 88 1457 1477 1512; baseline -0.001 -13"><span class='ocrx_word' id='word_1_125' title='bbox 88 1470 228 1499; x_wconf 88' lang='lat' dir='ltr'>rorum</span> <span class='ocrx_word' id='word_1_126' title='bbox 270 1458 416 1511; x_wconf 87' lang='lat' dir='ltr'>gratia.</span> <span class='ocrx_word' id='word_1_127' title='bbox 475 1458 581 1498; x_wconf 91' lang='lat' dir='ltr'>Tum</span> <span class='ocrx_word' id='word_1_128' title='bbox 623 1459 827 1500; x_wconf 88' lang='lat' dir='ltr'>Theseus:</span> <span class='ocrx_word' id='word_1_129' title='bbox 872 1459 941 1512; x_wconf 91' lang='lat' dir='ltr'>qui</span> <span class='ocrx_word' id='word_1_130' title='bbox 984 1459 1083 1500; x_wconf 88' lang='lat' dir='ltr'>sunt</span> <span class='ocrx_word' id='word_1_131' title='bbox 1123 1458 1262 1511; x_wconf 87' lang='lat' dir='ltr'>generi</span> <span class='ocrx_word' id='word_1_132' title='bbox 1302 1457 1391 1499; x_wconf 76' lang='lat' dir='ltr'>tui?</span> <span class='ocrx_word' id='word_1_133' title='bbox 1436 1458 1477 1497; x_wconf 90' lang='lat' dir='ltr'>et</span> 
     </span>
     <span class='ocr_line' id='line_1_17' title="bbox 86 1535 1475 1591; baseline -0.002 -15"><span class='ocrx_word' id='word_1_134' title='bbox 86 1535 309 1577; x_wconf 87' lang='lat' dir='ltr'>Adrastus:</span> <span class='ocrx_word' id='word_1_135' title='bbox 339 1548 423 1577; x_wconf 90' lang='lat' dir='ltr'>non</span> <span class='ocrx_word' id='word_1_136' title='bbox 454 1537 552 1577; x_wconf 90' lang='lat' dir='ltr'>sunt</span> <span class='ocrx_word' id='word_1_137' title='bbox 564 1536 716 1588; x_wconf 82' lang='lat' dir='ltr'>Argivi.</span> <span class='ocrx_word' id='word_1_138' title='bbox 774 1537 916 1578; x_wconf 76' lang='lat' dir='ltr'>Thes:</span> <span class='ocrx_word' id='word_1_139' title='bbox 948 1537 1151 1591; x_wconf 86' lang='lat' dir='ltr'>peregrini</span> <span class='ocrx_word' id='word_1_140' title='bbox 1172 1537 1327 1589; x_wconf 74' lang='lat' dir='ltr'>igitur?</span> <span class='ocrx_word' id='word_1_141' title='bbox 1357 1535 1475 1577; x_wconf 90' lang='lat' dir='ltr'>Adr.:</span> 
     </span>
     <span class='ocr_line' id='line_1_18' title="bbox 87 1613 1475 1667; baseline -0.001 -13"><span class='ocrx_word' id='word_1_142' title='bbox 87 1626 197 1664; x_wconf 91' lang='lat' dir='ltr'>sane,</span> <span class='ocrx_word' id='word_1_143' title='bbox 227 1613 392 1667; x_wconf 84' lang='lat' dir='ltr'>Tydeus</span> <span class='ocrx_word' id='word_1_144' title='bbox 429 1615 471 1655; x_wconf 88' lang='lat' dir='ltr'>et</span> <span class='ocrx_word' id='word_1_145' title='bbox 504 1613 736 1667; x_wconf 76' lang='lat' dir='ltr'>Polynices.</span> <span class='ocrx_word' id='word_1_146' title='bbox 795 1615 937 1656; x_wconf 74' lang='lat' dir='ltr'>Thes:</span> <span class='ocrx_word' id='word_1_147' title='bbox 979 1615 1070 1667; x_wconf 89' lang='lat' dir='ltr'>quis</span> <span class='ocrx_word' id='word_1_148' title='bbox 1113 1615 1254 1656; x_wconf 86' lang='lat' dir='ltr'>autem</span> <span class='ocrx_word' id='word_1_149' title='bbox 1283 1614 1392 1654; x_wconf 80' lang='lat' dir='ltr'>hano</span> <span class='ocrx_word' id='word_1_150' title='bbox 1424 1613 1475 1654; x_wconf 90' lang='lat' dir='ltr'>ad</span> 
     </span>
     <span class='ocr_line' id='line_1_19' title="bbox 87 1689 1476 1745; baseline -0.001 -14"><span class='ocrx_word' id='word_1_151' title='bbox 87 1703 174 1732; x_wconf 90' lang='lat' dir='ltr'>rem</span> <span class='ocrx_word' id='word_1_152' title='bbox 203 1691 245 1731; x_wconf 88' lang='lat' dir='ltr'>te</span> <span class='ocrx_word' id='word_1_153' title='bbox 274 1690 532 1732; x_wconf 79' lang='lat' dir='ltr'>commovit?</span> <span class='ocrx_word' id='word_1_154' title='bbox 589 1691 711 1732; x_wconf 85' lang='lat' dir='ltr'>Adr.:</span> <span class='ocrx_word' id='word_1_155' title='bbox 744 1691 902 1745; x_wconf 81' lang='lat' dir='ltr'>Apollo,</span> <span class='ocrx_word' id='word_1_156' title='bbox 933 1692 1003 1744; x_wconf 89' lang='lat' dir='ltr'>qui</span> <span class='ocrx_word' id='word_1_157' title='bbox 1035 1704 1131 1745; x_wconf 90' lang='lat' dir='ltr'>apro</span> <span class='ocrx_word' id='word_1_158' title='bbox 1162 1692 1203 1732; x_wconf 90' lang='lat' dir='ltr'>et</span> <span class='ocrx_word' id='word_1_159' title='bbox 1232 1691 1341 1732; x_wconf 90' lang='lat' dir='ltr'>leoni</span> <span class='ocrx_word' id='word_1_160' title='bbox 1369 1689 1476 1731; x_wconf 88' lang='lat' dir='ltr'>filias</span> 
     </span>
     <span class='ocr_line' id='line_1_20' title="bbox 86 1768 1476 1823; baseline -0.001 -14"><span class='ocrx_word' id='word_1_161' title='bbox 86 1768 129 1808; x_wconf 90' lang='lat' dir='ltr'>in</span> <span class='ocrx_word' id='word_1_162' title='bbox 158 1768 472 1810; x_wconf 83' lang='lat' dir='ltr'>matrimonium</span> <span class='ocrx_word' id='word_1_163' title='bbox 490 1781 557 1810; x_wconf 89' lang='lat' dir='ltr'>me</span> <span class='ocrx_word' id='word_1_164' title='bbox 579 1768 674 1810; x_wconf 88' lang='lat' dir='ltr'>dare</span> <span class='ocrx_word' id='word_1_165' title='bbox 690 1769 868 1822; x_wconf 88' lang='lat' dir='ltr'>juberet.</span> <span class='ocrx_word' id='word_1_166' title='bbox 926 1770 1072 1811; x_wconf 73' lang='lat' dir='ltr'>Thes:</span> <span class='ocrx_word' id='word_1_167' title='bbox 1109 1770 1312 1823; x_wconf 85' lang='lat' dir='ltr'>quomodo</span> <span class='ocrx_word' id='word_1_168' title='bbox 1336 1769 1476 1811; x_wconf 87' lang='lat' dir='ltr'>autem</span> 
     </span>
     <span class='ocr_line' id='line_1_21' title="bbox 88 1846 1475 1900; baseline -0.001 -13"><span class='ocrx_word' id='word_1_169' title='bbox 88 1846 302 1888; x_wconf 90' lang='lat' dir='ltr'>oraculum</span> <span class='ocrx_word' id='word_1_170' title='bbox 332 1846 420 1900; x_wconf 89' lang='lat' dir='ltr'>ejus</span> <span class='ocrx_word' id='word_1_171' title='bbox 448 1846 744 1899; x_wconf 89' lang='lat' dir='ltr'>interpretatus</span> <span class='ocrx_word' id='word_1_172' title='bbox 766 1848 838 1888; x_wconf 85' lang='lat' dir='ltr'>es‘?</span> <span class='ocrx_word' id='word_1_173' title='bbox 894 1847 1013 1889; x_wconf 88' lang='lat' dir='ltr'>Adr.:</span> <span class='ocrx_word' id='word_1_174' title='bbox 1045 1847 1253 1900; x_wconf 83' lang='lat' dir='ltr'>fugientes</span> <span class='ocrx_word' id='word_1_175' title='bbox 1282 1847 1403 1888; x_wconf 92' lang='lat' dir='ltr'>nocte</span> <span class='ocrx_word' id='word_1_176' title='bbox 1425 1846 1475 1887; x_wconf 86' lang='lat' dir='ltr'>ad</span> 
     </span>
     <span class='ocr_line' id='line_1_22' title="bbox 87 1924 1477 1978; baseline -0.001 -13"><span class='ocrx_word' id='word_1_177' title='bbox 87 1935 153 1965; x_wconf 91' lang='lat' dir='ltr'>me</span> <span class='ocrx_word' id='word_1_178' title='bbox 197 1925 400 1965; x_wconf 87' lang='lat' dir='ltr'>venerunt</span> <span class='ocrx_word' id='word_1_179' title='bbox 439 1924 604 1978; x_wconf 84' lang='lat' dir='ltr'>Tydeus</span> <span class='ocrx_word' id='word_1_180' title='bbox 644 1925 686 1966; x_wconf 89' lang='lat' dir='ltr'>et</span> <span class='ocrx_word' id='word_1_181' title='bbox 725 1924 944 1978; x_wconf 84' lang='lat' dir='ltr'>Polynices</span> <span class='ocrx_word' id='word_1_182' title='bbox 986 1937 1253 1978; x_wconf 83' lang='lat' dir='ltr'>pugnamque</span> <span class='ocrx_word' id='word_1_183' title='bbox 1294 1924 1477 1965; x_wconf 90' lang='lat' dir='ltr'>inierunt</span> 
     </span>
     <span class='ocr_line' id='line_1_23' title="bbox 89 2000 1476 2053; baseline 0 -12"><span class='ocrx_word' id='word_1_184' title='bbox 89 2000 343 2042; x_wconf 88' lang='lat' dir='ltr'>acerrimam.</span> <span class='ocrx_word' id='word_1_185' title='bbox 381 2024 435 2030; x_wconf 97' lang='lat'>—</span> <span class='ocrx_word' id='word_1_186' title='bbox 476 2001 596 2053; x_wconf 82' lang='lat' dir='ltr'>Quod</span> <span class='ocrx_word' id='word_1_187' title='bbox 633 2003 775 2043; x_wconf 88' lang='lat' dir='ltr'>tamen</span> <span class='ocrx_word' id='word_1_188' title='bbox 810 2003 899 2043; x_wconf 88' lang='lat' dir='ltr'>tam</span> <span class='ocrx_word' id='word_1_189' title='bbox 934 2003 1089 2044; x_wconf 86' lang='lat' dir='ltr'>mirum</span> <span class='ocrx_word' id='word_1_190' title='bbox 1117 2003 1275 2043; x_wconf 90' lang='lat' dir='ltr'>Theseo</span> <span class='ocrx_word' id='word_1_191' title='bbox 1304 2000 1476 2051; x_wconf 79' lang='lat' dir='ltr'>videtur,</span> 
     </span>
     <span class='ocr_line' id='line_1_24' title="bbox 87 2074 1476 2134; baseline 0.001 -16"><span class='ocrx_word' id='word_1_192' title='bbox 87 2079 135 2118; x_wconf 89' lang='lat' dir='ltr'>ut</span> <span class='ocrx_word' id='word_1_193' title='bbox 173 2077 326 2119; x_wconf 85' lang='lat' dir='ltr'>iterum</span> <span class='ocrx_word' id='word_1_194' title='bbox 367 2080 557 2131; x_wconf 82' lang='lat' dir='ltr'>quaerat:</span> <span class='ocrx_word' id='word_1_195' title='bbox 615 2074 640 2133; x_wconf 82' lang='grc' dir='ltr'><strong><em>ἦ</em></strong></span> <span class='ocrx_word' id='word_1_196' title='bbox 671 2076 798 2128; x_wconf 81' lang='grc' dir='ltr'><strong><em>τοῖςδ’</em></strong></span> <span class='ocrx_word' id='word_1_197' title='bbox 843 2078 1003 2128; x_wconf 79' lang='grc' dir='ltr'><em>ἔδωκας</em></span> <span class='ocrx_word' id='word_1_198' title='bbox 1045 2077 1204 2134; x_wconf 82' lang='grc' dir='ltr'><em>θηρσὶν</em></span> <span class='ocrx_word' id='word_1_199' title='bbox 1246 2076 1302 2128; x_wconf 81' lang='grc' dir='ltr'>ὡς</span> <span class='ocrx_word' id='word_1_200' title='bbox 1344 2077 1476 2134; x_wconf 80' lang='grc' dir='ltr'><strong><em>κόρας</em></strong></span> 
     </span>
     <span class='ocr_line' id='line_1_25' title="bbox 88 2150 1475 2210; baseline 0 -15"><span class='ocrx_word' id='word_1_201' title='bbox 88 2150 228 2196; x_wconf 80' lang='grc' dir='ltr'>σέθεν.</span> <span class='ocrx_word' id='word_1_202' title='bbox 297 2154 413 2206; x_wconf 82' lang='lat' dir='ltr'>Quae</span> <span class='ocrx_word' id='word_1_203' title='bbox 457 2156 596 2197; x_wconf 91' lang='lat' dir='ltr'>omnia</span> <span class='ocrx_word' id='word_1_204' title='bbox 637 2157 792 2210; x_wconf 87' lang='lat' dir='ltr'>optime</span> <span class='ocrx_word' id='word_1_205' title='bbox 836 2157 945 2198; x_wconf 86' lang='lat' dir='ltr'>inter</span> <span class='ocrx_word' id='word_1_206' title='bbox 973 2168 1016 2198; x_wconf 92' lang='lat' dir='ltr'>se</span> <span class='ocrx_word' id='word_1_207' title='bbox 1047 2156 1312 2198; x_wconf 85' lang='lat' dir='ltr'>cohaererent</span> <span class='ocrx_word' id='word_1_208' title='bbox 1340 2166 1475 2209; x_wconf 90' lang='lat' dir='ltr'>neque</span> 
     </span>
     <span class='ocr_line' id='line_1_26' title="bbox 89 2232 1477 2287; baseline 0 -15"><span class='ocrx_word' id='word_1_209' title='bbox 89 2232 215 2282; x_wconf 89' lang='lat' dir='ltr'>esset,</span> <span class='ocrx_word' id='word_1_210' title='bbox 254 2232 325 2285; x_wconf 84' lang='lat' dir='ltr'>qui</span> <span class='ocrx_word' id='word_1_211' title='bbox 364 2233 607 2287; x_wconf 87' lang='lat' dir='ltr'>repetitione</span> <span class='ocrx_word' id='word_1_212' title='bbox 647 2234 721 2275; x_wconf 90' lang='lat' dir='ltr'>illa</span> <span class='ocrx_word' id='word_1_213' title='bbox 754 2233 972 2275; x_wconf 89' lang='lat' dir='ltr'>nominum</span> <span class='ocrx_word' id='word_1_214' title='bbox 1010 2232 1295 2283; x_wconf 86' lang='lat' dir='ltr'>offenderetur,</span> <span class='ocrx_word' id='word_1_215' title='bbox 1324 2232 1405 2274; x_wconf 89' lang='lat' dir='ltr'>nisi</span> <span class='ocrx_word' id='word_1_216' title='bbox 1434 2232 1477 2272; x_wconf 91' lang='lat' dir='ltr'>in</span> 
     </span>
     <span class='ocr_line' id='line_1_27' title="bbox 87 2309 1477 2366; baseline 0.001 -16"><span class='ocrx_word' id='word_1_217' title='bbox 87 2309 225 2351; x_wconf 90' lang='lat' dir='ltr'>media</span> <span class='ocrx_word' id='word_1_218' title='bbox 262 2310 430 2352; x_wconf 86' lang='lat' dir='ltr'>Adra-sti</span> <span class='ocrx_word' id='word_1_219' title='bbox 472 2311 521 2352; x_wconf 92' lang='lat' dir='ltr'>de</span> <span class='ocrx_word' id='word_1_220' title='bbox 564 2311 816 2366; x_wconf 84' lang='lat' dir='ltr'>fugientium</span> <span class='ocrx_word' id='word_1_221' title='bbox 853 2311 926 2352; x_wconf 85' lang='lat' dir='ltr'>lite</span> <span class='ocrx_word' id='word_1_222' title='bbox 961 2311 1195 2352; x_wconf 81' lang='lat' dir='ltr'>narratione</span> <span class='ocrx_word' id='word_1_223' title='bbox 1232 2323 1374 2353; x_wconf 80' lang='lat' dir='ltr'>versus</span> <span class='ocrx_word' id='word_1_224' title='bbox 1402 2311 1477 2363; x_wconf 48' lang='lat' dir='ltr'>ssex-</span> 
     </span>
     <span class='ocr_line' id='line_1_28' title="bbox 89 2387 237 2429; baseline 0 -2"><span class='ocrx_word' id='word_1_225' title='bbox 89 2387 237 2429; x_wconf 87' lang='lat' dir='ltr'>staret:</span> 
     </span>
     <span class='ocr_line' id='line_1_29' title="bbox 352 2441 1199 2501; baseline 0.002 -18"><span class='ocrx_word' id='word_1_226' title='bbox 352 2442 414 2492; x_wconf 81' lang='grc' dir='ltr'>τίς</span> <span class='ocrx_word' id='word_1_227' title='bbox 442 2442 514 2484; x_wconf 83' lang='grc' dir='ltr'>καὶ</span> <span class='ocrx_word' id='word_1_228' title='bbox 542 2444 630 2494; x_wconf 83' lang='grc' dir='ltr'><em>τίς,·</em></span> <span class='ocrx_word' id='word_1_229' title='bbox 661 2443 742 2485; x_wconf 79' lang='grc' dir='ltr'>δύο</span> <span class='ocrx_word' id='word_1_230' title='bbox 771 2442 856 2497; x_wconf 78' lang='grc' dir='ltr'>γὰρ</span> <span class='ocrx_word' id='word_1_231' title='bbox 887 2441 1069 2501; x_wconf 78' lang='grc' dir='ltr'><strong><em>ἐξαυὸᾷς</em></strong></span> <span class='ocrx_word' id='word_1_232' title='bbox 1099 2442 1199 2497; x_wconf 79' lang='grc' dir='ltr'><strong>ἅμα.</strong></span> 
     </span>
    </p>

    <p class='ocr_par' dir='ltr' id='par_1_3' title="bbox 88 2532 1476 2822">
     <span class='ocr_line' id='line_1_30' title="bbox 219 2532 1476 2587; baseline 0.002 -14"><span class='ocrx_word' id='word_1_233' title='bbox 219 2532 345 2574; x_wconf 84' lang='grc' dir='ltr'>Η11110</span> <span class='ocrx_word' id='word_1_234' title='bbox 374 2532 501 2586; x_wconf 87' lang='lat' dir='ltr'>igitur</span> <span class='ocrx_word' id='word_1_235' title='bbox 528 2533 794 2587; x_wconf 88' lang='lat' dir='ltr'>potissimum</span> <span class='ocrx_word' id='word_1_236' title='bbox 823 2544 988 2574; x_wconf 79' lang='lat' dir='ltr'>versum</span> <span class='ocrx_word' id='word_1_237' title='bbox 1019 2533 1051 2573; x_wconf 91' lang='lat' dir='ltr'>si</span> <span class='ocrx_word' id='word_1_238' title='bbox 1084 2533 1176 2586; x_wconf 89' lang='lat' dir='ltr'>quis</span> <span class='ocrx_word' id='word_1_239' title='bbox 1207 2534 1342 2576; x_wconf 89' lang='lat' dir='ltr'>delere</span> <span class='ocrx_word' id='word_1_240' title='bbox 1362 2535 1476 2576; x_wconf 87' lang='lat' dir='ltr'>lacu-</span> 
     </span>
     <span class='ocr_line' id='line_1_31' title="bbox 88 2609 1474 2666; baseline 0.003 -16"><span class='ocrx_word' id='word_1_241' title='bbox 88 2622 268 2663; x_wconf 88' lang='lat' dir='ltr'>namque</span> <span class='ocrx_word' id='word_1_242' title='bbox 299 2611 481 2652; x_wconf 87' lang='lat' dir='ltr'>statuere</span> <span class='ocrx_word' id='word_1_243' title='bbox 512 2611 629 2662; x_wconf 88' lang='lat' dir='ltr'>velit,</span> <span class='ocrx_word' id='word_1_244' title='bbox 665 2624 749 2653; x_wconf 90' lang='lat' dir='ltr'>non</span> <span class='ocrx_word' id='word_1_245' title='bbox 786 2610 940 2659; x_wconf 83' lang='lat' dir='ltr'>habeO,</span> <span class='ocrx_word' id='word_1_246' title='bbox 971 2609 1070 2662; x_wconf 89' lang='lat' dir='ltr'>quid</span> <span class='ocrx_word' id='word_1_247' title='bbox 1107 2622 1324 2665; x_wconf 86' lang='lat' dir='ltr'>opponam.</span> <span class='ocrx_word' id='word_1_248' title='bbox 1386 2613 1474 2666; x_wconf 86' lang='lat' dir='ltr'>Ego</span> 
     </span>
     <span class='ocr_line' id='line_1_32' title="bbox 90 2686 1475 2746; baseline 0.003 -16"><span class='ocrx_word' id='word_1_249' title='bbox 90 2690 249 2739; x_wconf 89' lang='lat' dir='ltr'>autem,</span> <span class='ocrx_word' id='word_1_250' title='bbox 286 2690 333 2730; x_wconf 86' lang='lat' dir='ltr'>ut</span> <span class='ocrx_word' id='word_1_251' title='bbox 357 2689 447 2742; x_wconf 89' lang='lat' dir='ltr'>jam</span> <span class='ocrx_word' id='word_1_252' title='bbox 477 2702 602 2742; x_wconf 87' lang='lat' dir='ltr'>supra</span> <span class='ocrx_word' id='word_1_253' title='bbox 632 2689 730 2741; x_wconf 80' lang='lat' dir='ltr'>dixi,</span> <span class='ocrx_word' id='word_1_254' title='bbox 760 2702 857 2731; x_wconf 91' lang='lat' dir='ltr'>cum</span> <span class='ocrx_word' id='word_1_255' title='bbox 884 2686 1061 2732; x_wconf 71' lang='lat' dir='ltr'>Kvicala</span> <span class='ocrx_word' id='word_1_256' title='bbox 1089 2689 1204 2742; x_wconf 89' lang='lat' dir='ltr'>facio,</span> <span class='ocrx_word' id='word_1_257' title='bbox 1235 2691 1304 2744; x_wconf 92' lang='lat' dir='ltr'>qui</span> <span class='ocrx_word' id='word_1_258' title='bbox 1334 2691 1361 2733; x_wconf 94' lang='lat' dir='ltr'>l.</span> <span class='ocrx_word' id='word_1_259' title='bbox 1382 2692 1410 2733; x_wconf 92' lang='lat' dir='ltr'>l.</span> <span class='ocrx_word' id='word_1_260' title='bbox 1436 2705 1475 2746; x_wconf 88' lang='lat' dir='ltr'>p.</span> 
     </span>
     <span class='ocr_line' id='line_1_33' title="bbox 89 2766 1474 2822; baseline 0.003 -15"><span class='ocrx_word' id='word_1_261' title='bbox 89 2766 170 2808; x_wconf 79' lang='lat'>610</span> <span class='ocrx_word' id='word_1_262' title='bbox 199 2767 312 2808; x_wconf 90' lang='grc'>1111110</span> <span class='ocrx_word' id='word_1_263' title='bbox 340 2767 384 2808; x_wconf 88' lang='grc'>111</span> <span class='ocrx_word' id='word_1_264' title='bbox 413 2767 584 2810; x_wconf 88' lang='grc'>1110(111111</span> <span class='ocrx_word' id='word_1_265' title='bbox 613 2768 841 2810; x_wconf 87' lang='lat' dir='ltr'>rectissime</span> <span class='ocrx_word' id='word_1_266' title='bbox 873 2768 1117 2822; x_wconf 89' lang='lat' dir='ltr'>disputavit:</span> <span class='ocrx_word' id='word_1_267' title='bbox 1157 2770 1249 2813; x_wconf 68' lang='grc'>(8501·</span> <span class='ocrx_word' id='word_1_268' title='bbox 1280 2769 1338 2821; x_wconf 73' lang='lat' dir='ltr'>oft</span> <span class='ocrx_word' id='word_1_269' title='bbox 1369 2769 1474 2812; x_wconf 74' lang='lat' dir='ltr'>fanu</span> 
     </span>
    </p>
   </div>
  </div>
 </body>
</html>
