1743 3163
430 360 474 409 ἓν
503 365 582 420 μὲν
612 366 834 420 αἰσχύναις
865 365 945 420 ἔχω

258 444 421 486 πίτνων
449 442 558 498 πρὸς
587 439 721 493 οὖδας
749 442 970 497 γόνυ-σὸν
999 442 1222 498 ἀμπίσχειν
1251 443 1342 498 χερὶ

259 519 407 569 πολιὸς
439 519 564 575 ἀνήρ,
594 521 821 577 τύραννος,
854 519 1068 575 εὐδαίμων
1097 519 1246 575 πάρος.

209 591 299 639 ‘Ita
327 598 414 639 cod.
447 598 500 651 03
531 598 618 640 cod.
648 598 682 640 P
713 598 853 640 omisit
882 610 1025 640 vocem
1054 596 1265 652 τύραννος,
1296 600 1337 640 et
1366 611 1409 652 p,
1440 600 1486 639 ut

99 675 289 718 trimeter
331 677 567 731 expleatur,
612 677 805 730 conjecit:
851 675 1001 726 πολιὸς
1043 674 1177 730 ἀνήρ,
1220 673 1487 729 εὐδαιμονῶν

98 752 202 802 ἰ’σως
222 751 372 806 πάρος,
405 765 529 795 3611311
560 753 717 795 36111061
746 754 843 795 hoc:
875 754 961 808 pari
994 755 1117 795 antea
1148 765 1193 794 ac
1224 755 1271 794 tu
1290 752 1486 804 felicitate

100 831 261 873 florens.
282 832 313 882 ¹)
373 830 489 882 Quae
519 831 721 872 mirabilis
752 832 865 873 illius
895 832 1005 873 vocis
1031 831 1134 880 ἴσως
1154 830 1369 884 explicatio
1390 830 1488 871 sim-

101 907 245 961 plicior
274 909 398 961 atque
426 908 486 949 ita
514 908 764 962 probabilior
794 920 883 950 esse
913 908 1015 949 mihi
1044 907 1224 958 videtur,
1262 919 1387 960 quam
1428 919 1485 957 ea,

101 996 229 1037 quam
272 985 444 1039 protulit
472 985 681 1026 Porsonus
721 985 864 1039 (praef.
896 985 998 1026 Hec.
1028 999 1068 1038 p.
1097 984 1271 1036 XXXI),
1313 996 1486 1037 eamque

101 1062 136 1103 si
175 1061 401 1116 accipimus
438 1061 609 1103 Personi
646 1061 903 1114 conjectura:
945 1060 1156 1115 τύραννος
1195 1060 1488 1114 ἰσοδαίμων

102 1137 242 1193 πάρος
277 1139 399 1192 plane
443 1151 579 1180 carere
621 1152 853 1192 possumus.
925 1139 1164 1180 Falsissime
1207 1139 1347 1179 autem
1376 1139 1488 1179 1111110

103 1228 265 1269 quoque
313 1228 480 1257 versum
533 1215 819 1269 proscripsisse
879 1216 982 1256 1111111
1029 1216 1192 1256 videtur
1238 1215 1486 1256 Dindoffius.

104 1292 236 1347 Saepe
268 1293 379 1335 enim
408 1294 496 1335 fieri
525 1295 672 1347 potest,
702 1296 750 1334 ut
781 1293 929 1346 aliquis
959 1293 1097 1334 nescio
1137 1305 1219 1346 qua
1249 1293 1487 1335 calamitate

103 1370 282 1412 afflictus
315 1372 367 1412 ad
397 1384 532 1425 genua
563 1372 739 1425 alicujus
770 1372 1038 1425 procumbat;
1070 1384 1193 1412 senex
1223 1373 1363 1413 autem
1385 1371 1417 1412 si
1439 1370 1489 1412 ad

101 1447 228 1501 pedes
257 1448 492 1502 procumbit
520 1448 696 1501 juvenis,
726 1460 795 1489 rex
827 1449 949 1489 antea
978 1447 1085 1498 felix,
1114 1461 1227 1489 nunc
1258 1460 1332 1489 sua
1361 1449 1490 1489 teme-

102 1525 224 1567 ritate
253 1525 412 1577 infelix,
455 1527 507 1568 ad
536 1539 670 1580 genua
701 1526 853 1576 felicis,
896 1528 987 1567 tum
1028 1527 1164 1568 hercle
1194 1526 1490 1568 necessitatem

104 1603 246 1645 adesse
276 1604 376 1657 puto
407 1604 507 1645 satis
539 1604 692 1651 diram3
724 1604 783 1644 ita
812 1606 858 1644 ut
877 1604 943 1645 hic
963 1604 1229 1657 potissimum
1248 1616 1391 1645 versus
1412 1603 1491 1644 loci

104 1681 354 1734 gravitatem
384 1694 534 1735 augere
569 1682 671 1723 mihi
709 1682 909 1723 videatur.
968 1681 1116 1722 Restat
1153 1683 1202 1722 ut
1232 1681 1411 1723 breviter
1441 1681 1490 1722 de

103 1757 339 1810 conjectura
367 1758 493 1800 verba
522 1757 736 1809 faciamus,
767 1771 893 1812 quani
915 1758 1096 1800 Cobetus
1126 1758 1339 1811 proposuit
1359 1757 1492 1809 (Mne-

102 1848 205 1878 mos.
223 1836 239 1862 2
258 1835 319 1877 IV
336 1849 375 1890 p.
395 1836 507 1887 323),
539 1837 606 1890 qui
628 1850 699 1891 pro
720 1835 866 1885 πολιός
887 1834 997 1891 ἀνὴρ
1017 1836 1159 1877 scribit
1181 1835 1332 1886 ἄθλιος
1351 1833 1490 1891 ἀνήρ,-

102 1927 186 1955 non
215 1915 357 1956 tamen
384 1916 495 1956 recte
524 1917 572 1956 ut
600 1917 712 1970 puto.
771 1915 883 1956 Nam
911 1916 1093 1970 primum
1124 1915 1291 1968 quidem
1317 1915 1489 1957 minime

105 1993 334 2034 Adrastum
364 1993 545 2045 dedecet,
574 1994 775 2036 miserum
806 2006 848 2034 se
880 1993 931 2034 ad
963 2004 1097 2044 genua
1115 1992 1383 2046 procubuisse
1404 1992 1493 2034 feli-

105 2072 184 2121 cis;
227 2063 374 2113 deitide
406 2073 566 2124 autem,
609 2073 643 2113 si
685 2085 732 2114 ea
760 2071 935 2113 lectione
967 2071 1101 2112 acrius
1130 2071 1239 2112 inter
1268 2083 1310 2111 se
1344 2071 1490 2124 opponi

104 2151 225 2204 putat
245 2149 438 2201 Cobetus,
458 2150 686 2192 Adrastum
704 2163 816 2191 1111116
837 2149 1005 2203 quidem
1025 2149 1225 2191 miserum
1244 2161 1344 2199 esse,
1370 2151 1492 2190 antea

106 2229 247 2270 autem
283 2228 437 2282 pariter
475 2228 683 2280 floruisse,
725 2230 817 2270 tum
858 2227 1223 2282 persuasissimum
1264 2228 1408 2279 habeo,
1440 2229 1491 2270 ad

106 2304 256 2355 ἅθλιος
286 2303 397 2361 ἀνὴρ
429 2306 617 2361 Euripidi
647 2306 836 2349 addenda
866 2305 994 2348 fuisse
1024 2305 1122 2347 νυνὶ
1150 2304 1227 2359 μὲν
1256 2307 1323 2348 vel
1350 2307 1464 2349 talia.

242 2439 271 2481 l)
296 2437 409 2481 Quam
433 2439 561 2474 codicis
585 2451 607 2484 p
632 2439 868 2483 conjecturam
893 2439 1076 2484 quominus
1093 2439 1300 2484 recipiamus
1317 2440 1423 2475 etiam
1440 2441 1493 2475 lex

106 2504 168 2539 illa
191 2504 364 2550 prohibet,
388 2516 493 2549 quam
516 2505 633 2550 posuit
656 2506 828 2540 Porsonus
852 2507 874 2540 l.
900 2506 922 2541 1.
949 2505 1100 2541 Gellium
1125 2509 1276 2551 secutus,
1301 2508 1362 2552 qui
1385 2507 1430 2543 N.
1450 2508 1492 2543 A.

106 2571 226 2605 XVIII
249 2572 291 2606 15
314 2572 400 2606 haec
424 2572 553 2606 tradit:
591 2573 913 2608 animadverterunt
948 2574 1084 2608 metrici
1117 2575 1202 2609 111103
1235 2575 1364 2619 primos
1389 2575 1492 2620 pedes

106 2641 192 2673 item
216 2641 385 2675 extremos
410 2640 496 2674 duos
520 2640 647 2674 habere
671 2652 771 2685 posse
796 2641 952 2685 singulos
976 2642 1132 2685 integras
1157 2644 1274 2687 partes
1310 2643 1492 2686 orationis3

107 2707 240 2741 medios
263 2707 359 2741 haud
382 2718 536 2752 unquam
560 2718 677 2752 posse,
714 2708 774 2742 3611
811 2710 969 2743 constare
993 2720 1049 2744 eos
1074 2721 1207 2754 semper
1230 2721 1269 2745 ex
1294 2711 1406 2745 verbis
1431 2712 1494 2745 aut

107 2773 245 2817 divisis,
270 2776 332 2808 aut
356 2774 475 2809 mixtis
500 2776 604 2819 atque
629 2776 793 2811 0011111313.

1273 2824 1295 2856 4
