1743 3163
145 338 381 380 Dindorfius
415 338 483 391 (cf.
513 337 683 380 Adnott.
707 338 834 380 Oxon.
854 337 875 378 I
904 351 942 392 p.
962 337 1062 389 402)
1094 338 1251 392 primus
1283 338 1526 390 observavit,

143 417 262 458 fictos
292 429 382 458 esse
411 417 485 457 hos
515 428 658 457 versus
690 415 741 456 ad
772 415 1007 468 exemplum
1028 427 1180 466 eorum,
1202 428 1307 469 quae
1329 417 1526 469 leguntur

197 494 298 536 Heo.
328 495 381 537 62
412 507 472 547 sq.
504 491 665 546 λάβετε,
697 489 855 545 φέρετε,
887 488 1054 544 πέμπετ’
1089 489 1245 544 ἀείρεῖὲ
1275 508 1359 545 μου

503 576 675 625 γεραιᾶς
705 568 843 624 χειρὸς
874 568 1227 623 προσλαζύμεναι.

274 648 385 690 Nam
413 649 596 705 primum
624 649 727 690 miro
767 660 865 689 sane
902 647 1023 688 modo
1059 647 1123 687 his
1160 647 1346 689 versibus
1388 649 1526 703 adpel-

141 726 282 767 lantur
322 725 525 777 famulae,
568 727 713 768 deinde
757 726 913 775 autem,
957 724 1065 777 quod
1108 724 1400 777 gravissimum
1452 729 1524 777 est,

140 803 278 857 inepte
309 804 350 844 et
379 804 680 845 sententiarum
711 804 752 845 et
770 803 891 844 metri
911 802 1162 844 continuitas
1181 803 1400 843 turbatur„
1417 804 1525 844 Sunt

142 881 253 923 enim
282 881 342 933 <id
373 881 482 934 quod
510 883 620 924 recte
652 882 884 923 observavit
913 880 1201 932 Marklandus)
1234 881 1524 924 rss.271-85

142 970 284 999 omnes
314 959 551 1010 hexametri,
583 972 684 1012 quos
714 959 974 1012 Hartungius
1004 959 1271 1012 probabiliter
1300 958 1359 999 ita
1390 959 1524 1012 dispo-

139 1035 232 1086 suit,
263 1036 311 1077 ut
328 1037 412 1078 tres
434 1038 729 1090 quaternorum
749 1039 887 1091 partes
907 1037 1168 1087 haberemus,
1191 1049 1367 1090 quarum
1388 1037 1521 1090 prima

140 1114 274 1155 semet
313 1114 400 1167 ipse
442 1116 489 1154 ut
528 1115 579 1155 ad
618 1115 765 1156 Thesei
806 1116 1054 1168 procumbat
1104 1128 1240 1169 genua
1281 1115 1524 1156 adhortatur

140 1191 298 1241 chorus,
341 1191 472 1233 altera
512 1193 787 1246 procumbens
818 1193 966 1234 Thesei
1007 1192 1330 1234 misericordiam
1358 1205 1522 1234 movere

139 1269 290 1319 studet,
320 1269 443 1310 tertia
472 1271 520 1311 ut
548 1272 700 1312 mortui
721 1271 975 1325 sepeliantur
994 1272 1093 1311 orat.
1129 1269 1407 1312 Consentiunt
1426 1283 1522 1311 cum

136 1346 348 1388 Dindorfio
377 1346 465 1389 VV.
498 1347 564 1389 dd.
594 1348 658 1390 hi:
701 1348 972 1401 Harfflngius,
1002 1348 1066 1398 N„
1096 1348 1160 1397 K„
1190 1347 1255 1389 W.
1298 1348 1340 1388 in
1379 1347 1522 1388 editio-

134 1425 258 1467 nibus
276 1424 540 1480 Supplicum;
570 1426 616 1468 P.
631 1426 830 1469 Wesener
843 1428 885 1468 in
902 1427 1200 1477 dissertatione,
1218 1438 1344 1479 quam
1358 1426 1522 1480 scripsit

137 1503 187 1545 de
216 1503 458 1557 repetitione
487 1516 684 1546 versuum
714 1505 756 1546 in
787 1504 940 1546 fabulis
970 1504 1203 1558 Euripideis
1235 1505 1390 1556 (Bonn.
1414 1503 1519 1545 1866

135 1594 174 1634 p.
205 1580 298 1632 31);
329 1581 624 1637 Bernhardyus
655 1583 734 1637 (gr.
757 1584 797 1627 53.
819 1583 949 1636 (ὣεῐςῑ).
971 1584 1014 1624 Π
1034 1585 1058 1624 2
1078 1597 1116 1637 p.
1137 1584 1261 1634 436);
1293 1582 1338 1623 L.
1358 1582 1520 1634 Kayser

137 1657 215 1708 (Fl.
246 1658 284 1700 J.
319 1659 424 1700 1857
453 1660 544 1701 Vol.
577 1660 628 1702 75
658 1675 697 1715 p.
727 1662 842 1708 459).
874 1686 926 1690 —-

210 1735 302 1777 774.
334 1737 487 1792 φίλους
516 1739 788 1792 προσαυδῶν,
821 1732 881 1780 ὧν
910 1735 1173 1792 λελειμμένος
1203 1736 1332 1786 τάλας

333 1813 466 1869 ἔρημα
496 1816 652 1858 κλαίω·
684 1821 809 1858 τοῦτο
840 1816 924 1871 γὰρ
954 1815 1089 1870 μόνον
1119 1818 1289 1872 βροτοῖς

332 1890 412 1935 οὐκ
442 1891 528 1935 ἔστι
557 1891 766 1948 τάνάλωμ’
802 1893 1030 1937 ἀναλωθὲν
1059 1895 1216 1948 λαβεῖν,

330 1969 475 2024 ψυχὴν
503 1972 721 2026 βροτείαν·
752 1971 982 2027 χρημάτων
1012 1971 1048 2013 δ’
1082 1970 1187 2014 εἰσὶν
1216 1969 1356 2025 πόροι.

264 2047 352 2090 Hos
372 2062 515 2092 versus
535 2050 796 2093 foedissimae
816 2050 1144 2105 interpolationis
1170 2049 1406 2103 exemplum
1427 2060 1516 2089 esse

132 2126 232 2179 puto
262 2127 304 2168 et
331 2127 451 2169 valde
481 2114 616 2179 miror,
636 2128 689 2169 W
693 2128 941 2170 eckleinium
969 2128 1152 2180 primum
1183 2139 1250 2169 eos
1281 2139 1301 2168 e
1322 2127 1517 2168 contextu

132 2204 367 2247 removisse.
423 2205 537 2247 Dicit
565 2206 677 2248 enim
705 2207 773 2248 hic
801 2206 851 2248 V.
883 2206 920 2246 d.
952 2206 1030 2256 (ΕΙ.
1060 2205 1100 2246 J.
1136 2204 1240 2246 1876
1269 2218 1307 2257 p.
1331 2204 1425 2255 726)
1448 2203 1517 2244 ad-

134 2280 412 2325 ditamentum
443 2297 511 2326 eos
541 2297 630 2326 esse
659 2285 805 2326 inutile
836 2283 1026 2337 quodque
1066 2282 1367 2324 sententiarum
1397 2294 1517 2323 cone-

131 2372 230 2401 xum
266 2362 444 2404 maxime
486 2363 638 2405 turbet.
707 2363 858 2405 Procul
900 2361 1024 2403 dubio
1066 2360 1307 2402 rectissime.
1379 2359 1516 2411 Quam

131 2436 269 2491 inepte
311 2440 421 2482 enim
461 2441 539 2482 hoc
579 2442 685 2492 loco,
727 2441 797 2483 ubi
839 2442 927 2482 tam
969 2440 1178 2480 maestum
1219 2451 1307 2481 sese
1345 2440 1516 2493 praebet

130 2514 346 2567 Adrastus,
375 2515 605 2574 χρημάτων
632 2517 761 2573 πόροι
780 2518 1178 2560 commemorantur!
1234 2517 1350 2559 Adde
1371 2518 1515 2571 λαβεῖν

130 2607 203 2648 pro
232 2592 461 2650 ἀναλαβεῖν
488 2596 670 2650 positum
704 2596 831 2650 (quod
852 2595 1132 2638 Weckleinius
1159 2608 1320 2650 quoque
1340 2595 1512 2648 monet).

131 2672 249 2714 Talia
278 2673 421 2715 autem
447 2673 665 2716 notissima
695 2674 768 2714 illa
796 2673 1004 2728 Euripidis
1041 2675 1089 2715 ut
1117 2674 1176 2716 ita
1207 2674 1342 2716 dicam
1372 2687 1513 2728 garru-

132 2750 252 2794 litate
272 2751 463 2807 explicari
477 2763 560 2793 non
572 2752 768 2806 possunt3
790 2763 884 2805 ergo
899 2751 1124 2794 deleantur.
1155 2752 1309 2795 Utrum
1328 2753 1512 2803 lacunae,
