1743 3163
764 222 819 263 43

99 373 138 401 v.
168 358 249 401 902
280 370 328 399 ex
356 356 494 398 media
524 355 664 408 aliqua
689 354 870 396 oratione
899 353 1116 407 desumpto
1143 351 1480 405 interpolatorem

101 437 205 479 illud
235 434 335 478 οὐδὲ
367 434 517 488 quippe
549 433 657 486 quod
687 433 738 474 ad
758 431 952 474 orationis
973 431 1139 472 initium
1158 442 1241 471 non
1260 428 1481 482 quadraret

97 514 141 556 in
170 512 250 555 οὐκ
277 512 519 555 mutavisse.

227 592 278 633 In
319 590 506 632 versibus
548 588 817 642 sequentibus
862 599 958 628 cum
1000 586 1193 628 omnibus
1221 585 1310 627 VV.
1342 585 1407 626 dd.
1437 586 1479 626 in

97 668 273 710 dictione
301 668 449 709 haereo
477 668 526 708 ut
553 666 612 708 ita
638 666 775 707 dicam
795 663 1087 717 metaphorica,
1115 659 1325 717 παρέσχεν
1344 661 1481 714 ὄνομα

95 743 166 786 διὰ
196 741 350 799 τέχνην
379 741 508 797 δορὸς
538 740 678 797 εὑρὼν
709 739 861 795 ἀκριβῆ
890 739 1104 794 μουσικὴν
1135 737 1180 781 ἐν
1210 736 1378 790 ἀσπίδι,
1416 740 1482 779 ut-

95 822 190 875 pote
222 833 327 874 quae
359 821 410 861 ad
438 820 547 861 hanc
576 819 859 861 laudationem
901 816 1119 858 funebrem
1155 814 1327 856 minime
1358 814 1483 855 tumi-

99 897 206 948 dam,
237 897 309 939 sed
339 897 573 951 simplicem
604 897 726 948 atque
759 895 963 936 sinceram
992 906 1075 934 non
1107 892 1294 946 quadret.

229 975 410 1017 Restant
437 987 581 1016 versus
612 973 690 1015 907
723 976 763 1015 et
792 973 897 1023 908,
936 985 1037 1025 quos
1075 973 1218 1012 tamen
1249 970 1335 1011 arte
1365 967 1484 1009 Euri-

100 1052 221 1105 pidea
250 1052 560 1105 indignissimos
583 1063 682 1101 esse,
704 1062 846 1091 omnes
868 1049 1042 1090 editores
1070 1049 1171 1090 satis
1193 1046 1483 1102 exposuerunt.

229 1121 439 1171 Vers‘uum
467 1127 609 1180 igitur,
642 1128 709 1181 qui
740 1128 882 1168 traditi
914 1127 1028 1174 sunt,
1069 1136 1121 1165 ne
1151 1135 1285 1164 unum
1316 1121 1484 1175 quidem

99 1206 307 1261 Euripidis
338 1218 429 1248 esee
461 1205 766 1247 demonstrasse
795 1205 895 1246 mihi
921 1203 1072 1245 videor.
1118 1201 1214 1242 Mea
1233 1200 1282 1241 de
1301 1199 1485 1241 11001000

100 1285 331 1329 sententiae
359 1284 463 1325 haec
485 1285 565 1325 est:
599 1284 788 1324 exstabat
809 1283 1017 1337 quondam
1036 1283 1130 1336 post
1149 1295 1186 1322 1.
1207 1279 1285 1322 901
1310 1278 1484 1319 duorum

98 1376 297 1405 versuum
326 1363 487 1412 lacuna,
518 1373 621 1414 quae
654 1374 675 1402 a
705 1362 873 1416 poetilla
904 1361 1084 1414 quodam
1107 1358 1263 1409 (nescio
1285 1369 1364 1410 quo
1380 1357 1486 1397 tem-

98 1453 206 1495 pore,
247 1440 476 1482 certissime
520 1441 659 1481 autem
703 1441 798 1481 ante
837 1439 920 1480 VII
958 1453 996 1492 p.
1037 1438 1131 1480 Chr.
1170 1450 1212 1477 n.
1250 1434 1482 1478 saeculum)

102 1519 290 1561 versibus
319 1518 398 1559 907
431 1519 472 1559 et
500 1517 580 1560 908
622 1518 932 1565 obst-ruebatur;
975 1517 1093 1570 cujus
1133 1515 1191 1556 rei
1232 1513 1352 1555 testis
1395 1524 1484 1553 0550

102 1595 266 1637 videtur
305 1595 488 1637 Joannes
518 1595 816 1645 Damascenus,
862 1596 932 1649 qui
969 1596 1007 1648 (ζ
1036 1593 1092 1646 2.)
1135 1603 1278 1634 versus
1319 1590 1487 1631 tantum

107 1672 225 1715 affert
253 1672 346 1714 901.
368 1672 461 1714 907.
483 1673 588 1721 908;
618 1675 761 1727 postea
793 1674 961 1715 demum
990 1673 1033 1713 in
1062 1670 1250 1723 margine
1279 1668 1489 1723 poneban-

105 1752 174 1791 tur
211 1762 292 1791 vss.
324 1749 565 1793 902-906
609 1764 655 1792 ex
695 1751 773 1792 alia
815 1751 959 1792 fabula
1002 1748 1212 1803 adscripti,
1255 1746 1350 1796 sive,
1380 1745 1489 1798 quod

105 1829 356 1871 Fritzschius
387 1830 548 1879 censet,
579 1842 626 1870 ex
655 1830 863 1884 Euripidis
894 1829 1120 1882 Meleagro,
1159 1826 1241 1868 5110
1274 1837 1322 1866 ex
1350 1823 1489 1878 Tydeo

106 1907 387 1957 Theodectae,
432 1908 516 1949 5110
560 1920 580 1949 0
624 1908 838 1962 Sophoclis
881 1906 1084 1949 Lacaenis
1130 1903 1376 1946 mulieribus
1423 1901 1493 1952 (cf.

106 1986 307 2036 Welcker,
339 1984 481 2039 gaeci).
512 1986 644 2040 ffirag.
675 1986 696 2027 I
726 2000 765 2040 p.
793 1986 882 2028 150.
941 1986 994 2028 N.
1017 1987 1122 2038 trag.
1146 1996 1204 2037 gr.
1225 1982 1302 2036 frg.
1322 1995 1359 2036 p.
1383 1980 1492 2033 167).

238 2064 301 2105 Ex
328 2063 487 2117 Iphidis
518 2065 699 2107 oratione
731 2065 910 2119 graviter
939 2064 1130 2117 corrupta
1157 2060 1309 2103 delerit
1325 2059 1392 2102 W.
1411 2072 1494 2101 155.

110 2139 215 2182 1098
246 2141 288 2182 et
319 2140 423 2182 1107
455 2141 496 2182 et
514 2140 819 2182 Weckleiniuin
852 2141 930 2191 (Fi.
951 2140 991 2182 J.
1015 2140 1121 2182 1876
1141 2140 1169 2181 1.
1190 2139 1234 2190 l.)
1265 2138 1314 2180 de
1334 2151 1370 2180 1.
1390 2135 1495 2178 1098

107 2217 236 2259 habet
265 2217 575 2270 obsequentem,
606 2218 654 2260 de
684 2232 720 2260 1.
745 2218 849 2260 1107
871 2218 1188 2272 improbantem.
1219 2215 1336 2257 Prior
1355 2214 1496 2256 autem

108 2292 224 2333 locus
252 2292 312 2334 ita
340 2293 384 2334 in
413 2294 623 2336 codicibus
651 2294 854 2336 traditur:

167 2369 274 2411 1094
439 2370 480 2411 τί
508 2370 560 2426 δὴ
592 2370 672 2427 χρὴ
702 2371 780 2414 τὸν
810 2369 1087 2423 ταλαίπωρόν
1115 2385 1164 2424 με
1197 2369 1328 2424 δρᾶνς

307 2447 484 2502 στείχειν
513 2448 621 2504 πρὸς
652 2449 820 2499 οἴκους,·
851 2442 939 2490 κᾶτ’
974 2446 1152 2502 ἐρημίαν
1180 2447 1260 2488 ἴδω

306 2523 470 2578 πολλὴν
497 2525 727 2581 μελάθρων
757 2524 943 2579 ἀπορίαν
971 2523 1002 2566 τ’
1036 2523 1121 2581 ἐμῷ
1150 2523 1228 2580 βίῳ
1239 2540 1254 2573 ,·

309 2600 335 2656 ἢ
364 2599 474 2655 πρὸς
502 2601 697 2656 μέλαθρα
725 2602 851 2644 τοῦδε
882 2598 1120 2650 Καπανέως
1149 2598 1281 2654 μόλω,

170 2680 276 2724 1098
313 2677 465 2731 ἥδιστα
494 2680 597 2734 πρίν
625 2696 671 2734 γε
701 2677 796 2734 δῆθ’
831 2677 887 2721 ὅτ’
921 2673 975 2732 ἧν
1003 2680 1102 2727 παῖς
1132 2676 1206 2730 ἥδε
1235 2692 1333 2731 μοις

313 2758 399 2802 ἀλλ’
434 2754 567 2800 οὐκέτ’
602 2756 716 2800 ἔστιν
744 2755 770 2809 ἥ
800 2753 883 2798 κτὲ.
