1743 3163
764 259 818 302 35

100 396 183 437 illis
200 395 387 437 versibus
408 394 583 436 sublatis
602 406 798 435 versuum
817 403 1011 434 nmneros
1029 389 1234 431 habemus
1258 387 1320 429 15.
1338 386 1401 429 11.
1420 386 1483 428 15.

101 470 196 512 Non
235 472 378 513 tamen
417 482 561 512 omnes
603 470 747 512 eodem
786 469 908 511 modo
948 479 1091 509 versus
1132 444 1485 518 irrepsTs-se‘nffisi

100 550 303 600 videntur,
332 549 406 590 sed
433 549 546 603 prius
577 561 601 590 a
629 549 780 591 lectore
813 546 993 600 quodam
1021 545 1161 587 531—
1179 543 1231 584 36
1263 543 1312 583 ad
1342 540 1485 591 θάψαι

102 626 253 668 δικαιῶ
288 623 372 668 κτὲ.
414 627 458 668 in
497 627 684 680 margine
723 625 878 680 positos
923 625 964 665 et
1002 623 1147 676 postea
1190 620 1360 662 demum
1402 631 1484 660 τες.

103 704 324 747 428-430
355 704 516 747 additos
547 717 636 747 esse
666 703 911 759 putaverim.

231 807 450 849 Habemus
487 807 614 860 igitur
652 806 755 847 duas
795 803 1009 859 praeconis
1050 801 1238 844 Thebani
1280 800 1486 843 orationes

103 885 342 937 (409-425
370 886 422 936 -Ι-
455 884 627 938 [1—12]
662 887 703 927 et
731 883 981 934 465—510),
1023 881 1174 935 quibus
1205 879 1309 920 duae
1339 876 1486 919 Thesei

103 964 306 1005 orationes
338 964 597 1017 (426—442
629 965 670 1004 et
698 960 949 1013 513—563)
983 958 1291 1000 accuratissime
1320 969 1488 1010 respon-

103 1042 214 1084 dent.
272 1043 409 1096 Atque
440 1042 489 1084 de
517 1042 701 1096 priorum
731 1040 898 1093 quidem
926 1037 1140 1092 praeconis
1171 1038 1212 1078 et
1231 1035 1377 1077 Thesei
1400 1047 1487 1076 ora-

102 1121 265 1163 tionum
304 1121 569 1175 responsione
605 1120 695 1173 jam
726 1130 849 1172 supra
879 1117 1072 1165 (lirinum,
1114 1116 1275 1156 restant
1306 1115 1485 1155 ceterae:

102 1199 240 1251 Atque
279 1198 463 1252 primum
505 1197 672 1251 quidem
708 1196 945 1250 quindecim
982 1194 1170 1235 Versibus
1207 1189 1484 1245 (466—480)

103 1277 324 1318 Thebanus
354 1277 424 1317 ille
455 1288 513 1326 ea,
545 1288 650 1329 quae
681 1275 718 1316 ei
746 1273 946 1315 mandata
976 1279 1094 1314 erant
1113 1270 1268 1325 profert
1285 1269 1488 1322 jubetque

103 1353 310 1396 Theseum
340 1366 494 1404 cavere,
523 1366 576 1395 ne
606 1355 762 1395 temere
792 1352 952 1393 bellum
970 1352 1148 1393 moveat.
1207 1348 1283 1390 Cui
1304 1347 1488 1388 Theseus

102 1430 323 1485 respondet
353 1430 515 1484 (513-
531 1429 652 1482 527),
696 1431 869 1472 minime
908 1429 1130 1471 Creontem
1170 1426 1300 1468 tantis
1343 1425 1488 1479 opibus

104 1510 240 1551 valere
275 1510 475 1562 tantoque
504 1508 739 1563 praeditum
769 1520 857 1550 esse
887 1506 1076 1561 imperio,
1108 1517 1234 1558 quam
1265 1517 1288 1545 a
1318 1516 1398 1556 quo
1427 1515 1489 1544 re-

105 1588 257 1640 gantur
284 1587 583 1635 Athenienses3
621 1599 755 1640 neque.
795 1588 950 1627 temere
991 1597 1033 1626 se
1062 1583 1223 1625 bellum
1252 1582 1490 1623 subiturum

9 1707 21 1710 -
105 1676 214 1715 esse,
257 1664 330 1706 sed
373 1666 507 1707 totam
551 1664 770 1706 Graeciam
800 1677 822 1706 a
852 1661 1059 1705 Thebanis
1096 1661 1281 1702 mortuos
1320 1658 1489 1701 reddere

103 1742 343 1784 nolentibus
387 1742 439 1783 ad
477 1742 681 1796 proelium
723 1754 811 1783 esse
851 1740 1104 1782 lacessitam.
1174 1736 1336 1778 Deinde
1381 1735 1490 1788 quod

105 1820 278 1875 quisque
316 1820 474 1861 dixerat
506 1819 640 1861 fusius
676 1819 852 1872 explicat
888 1817 1075 1858 versibus
1111 1815 1288 1857 undenis
1331 1814 1487 1867 (481—

103 1899 197 1949 483,
224 1897 466 1945 486—493;
497 1898 625 1940 537—
636 1897 748 1950 547).
805 1897 1020 1938 Postremo
1049 1893 1224 1946 denique
1255 1893 1355 1946 quot
1375 1891 1487 1945 quis-

106 1988 185 2029 que
213 1975 401 2018 versibus
431 1976 625 2017 orationis
656 1987 754 2017 suae
784 1974 953 2016 initium
973 1973 1149 2026 ceperat,
1169 1971 1232 2012 tot
1253 1981 1346 2011 eam
1361 1969 1489 2011 etiam

105 2053 333 2095 concludit:
362 2065 510 2107 praeco
540 2053 652 2095 enim
683 2053 920 2106 quindecim
950 2050 1137 2093 versibus
1170 2046 1408 2100 (506—510
1438 2046 1489 2097 -1-

104 2131 297 2173 494—97
319 2131 371 2181 -ί-
391 2131 630 2183 500—505)
664 2131 946 2172 demonstrare
977 2127 1133 2177 studet,
1167 2126 1343 2175 bellum,
1383 2123 1492 2177 quod

105 2208 290 2251 Theseus
332 2210 476 2250 contra
511 2209 729 2251 Thebanos
776 2210 968 2262 gesturus
1011 2206 1081 2256 sit,
1130 2216 1214 2245 non
1250 2201 1491 2256 imprudens

105 2289 294 2338 tantum,
335 2288 407 2329 sed
449 2288 575 2329 etiam
605 2288 853 2340 sacrilegum
892 2297 1003 2327 esse:
1050 2295 1175 2336 quare
1204 2282 1388 2322 Theseus
1419 2280 1493 2320 aut

108 2365 280 2407 deorum
319 2378 409 2407 sese
449 2366 647 2419 praebeat
676 2366 976 2407 contemtorem
1005 2362 1078 2402 aut
1108 2360 1158 2400 ab
1189 2359 1355 2413 incepto
1386 2357 1492 2398 desi-

109 2444 204 2486 stat.
221 2442 375 2486 Contra
388 2455 512 2496 quem
523 2443 697 2484 totidem
710 2442 896 2483 versibus
907 2437 1122 2492 (549-563)
1137 2435 1489 2479 monetTheseus:

106 2521 325 2563 Thebanos
359 2520 470 2561 omni
500 2533 639 2562 rerum
669 2520 951 2561 humanarum
982 2516 1155 2558 scientia
1196 2525 1352 2561 carere3
1391 2524 1492 2553 nam

109 2611 192 2654 qua
219 2598 418 2641 felicitate
442 2597 533 2650 jam
562 2597 746 2647 floreant,
777 2608 870 2637 eam
898 2594 1070 2636 minime
1102 2606 1191 2635 esse
1228 2592 1489 2646 perpetuam:

109 2678 182 2718 aut
208 2677 336 2731 igitur
362 2678 547 2719 mortuos
577 2673 833 2729 sepeliendos
863 2671 1024 2714 tradere
1056 2672 1128 2712 aut
1155 2671 1317 2712 bellum
1345 2679 1490 2723 parare

109 2767 178 2797 eos
202 2755 337 2808 jubet.
1242 2802 1294 2837 3*
