1743 3163
0 2902 13 3163 .,.‚„‚„r,..„,v„-.
0 2763 3 2776 ,Α

771 223 823 265 27

103 357 392 412 praesentibus
432 356 607 398 fortasse
649 356 815 409 legatis,
858 368 959 409 quos
990 354 1130 408 Argivi
1170 355 1221 396 ad
1251 354 1395 396 foedus
1426 354 1487 395 in-

105 435 288 477 eundum
316 436 503 477 Athenas
542 435 754 476 misera-nt.
812 433 927 485 Quae
972 447 1101 487 quum
1142 433 1200 474 ita
1231 433 1330 482 sint,
1371 434 1486 473 estne

105 525 258 565 quaeso
298 512 543 562 verisimile,
584 514 701 554 tanto
745 511 958 566 opprobrio
999 511 1274 553 Athenienses
1318 509 1486 551 affectos

105 602 194 632 esse
237 590 288 632 ab
326 590 536 644 Euripide,
581 591 698 643 quasi
740 589 1059 631 Atheniensium
1102 588 1366 642 potissimum
1410 588 1489 629 rei-

104 667 295 722 publicae
323 669 554 710 miserrimo
585 668 912 720 stultissimoque
944 668 1058 708 statu
1086 667 1174 707 tota
1196 665 1369 708 Graecia
1398 652 1490 708 tan-

105 747 194 787 tam
223 746 265 786 in
295 737 578 787 calamitatem
607 745 850 787 incidisset?
900 745 961 785 Ex
981 757 1074 786 mea
1097 747 1264 799 quidem
1284 744 1488 786 sententia

104 823 276 865 minime
305 824 383 866 hoc
412 824 499 865 fieri
528 824 676 877 potuit.
734 825 793 864 Ac
829 835 879 864 ne
919 823 1010 876 quis
1041 824 1189 866 Thesei
1223 814 1490 866 το1311311103

108 914 198 944 esse
227 905 369 956 neget,
400 902 472 944 sed
501 901 692 956 praeconi
721 901 917 942 Thebano
947 902 1273 944 Atheniensibus
1311 901 1492 943 infestis-

110 980 214 1022 simo
229 981 385 1022 dandos
404 992 505 1031 esse,
524 992 683 1029 moneO,
709 980 787 1020 hac
817 979 996 1020 admissa
1024 980 1231 1021 sententia
1244 993 1387 1022 versus
1400 980 1491 1022 11103

106 1057 234 1099 totius
247 1058 460 1112 praeconis
469 1057 662 1099 orationis
675 1056 791 1110 quasi
804 1069 1013 1098 summam
1025 1070 1112 1098 esse
1125 1057 1201 1098 (leb
1207 1070 1271 1100 ere
1287 1060 1327 1099 et
1336 1058 1492 1099 Theseo

107 1145 233 1187 quam
261 1133 472 1177 fusissime
502 1136 551 1177 iis
579 1136 706 1177 fuisse
736 1135 1089 1189 respondendum
1122 1137 1164 1176 at
1184 1135 1226 1175 in
1248 1136 1335 1176 tota
1356 1136 1493 1176 tanta-

107 1224 186 1265 que
207 1212 353 1254 Thesei
384 1213 565 1255 oratione
595 1227 646 1256 ne
676 1226 807 1255 unam
839 1213 1005 1266 quidem
1035 1214 1228 1255 voculam
1257 1211 1492 1254 invenimus

107 1289 205 1332 huic
234 1290 396 1332 crimini
426 1292 669 1345 oppositam.

241 1388 410 1443 Spurius
449 1391 577 1444 igitur
618 1402 706 1432 esse
750 1391 850 1444 puto
893 1403 975 1432 133.
1015 1389 1097 1431 484
1135 1390 1175 1430 et
1211 1389 1293 1431 485
1336 1389 1492 1442 absque.

108 1468 274 1510 homine
305 1469 389 1511 sive
410 1469 537 1511 stulto
559 1469 643 1510 sive
658 1469 983 1511 Atheniensibus
1013 1480 1161 1522 parum
1192 1467 1356 1509 favente
1377 1467 1496 1508 Euri-

107 1546 192 1600 pidi
231 1547 420 1589 obtrusos
458 1560 546 1589 esse
576 1548 688 1589 haud
718 1548 777 1588 ita,
807 1546 939 1588 multo
969 1547 1061 1599 pust
1091 1544 1347 1597 tragoediam
1366 1545 1496 1587 Athc-

110 1624 176 1666 nis
207 1626 356 1667 actam.

240 1725 323 1767 494
353 1738 442 1779 sqq.
500 1725 654 1767 Praecc
689 1725 911 1766 Thebanus
946 1724 1123 1774 1101111111,
1162 1722 1271 1776 quod
1311 1721 1494 1763 Theseus

113 1802 326 1845 subiturus
357 1803 421 1854 sit,
442 1803 691 1857 sacrilegum
712 1803 855 1856 disque
874 1801 1074 1843 infestum
1096 1813 1184 1842 esse
1211 1799 1493 1842 demonstrare

117 1879 257 1922 studet
284 1880 398 1923 hisce
427 1882 586 1923 verbis:

241 1978 295 2021 σὺ
325 1977 361 2020 δ’
394 1979 555 2035 ἄνδρας
585 1978 768 2034 ἐχθροὺς
799 1983 916 2029 θεοῖς
946 1976 1165 2027 θανόντας
1195 1973 1368 2029 ὠφελεῖς

109 2055 192 2098 495
238 2054 424 2098 θάπτειν
451 2057 648 2110 κομίζων,
680 2054 756 2106 οὓς
788 2054 951 2112 ὕβρισμ’
986 2052 1212 2096 ἀπώλεσιν.

243 2132 297 2175 οὔ
326 2132 415 2189 τᾶρ’
449 2131 499 2176 ἔτ’
533 2132 678 2190 ὀρθῶς
710 2132 947 2183 Καπανέως
977 2131 1205 2188 κεραύνιον

242 2208 371 2265 δέμας
401 2216 639 2253 καπνοῦται
665 2209 705 2252 ’κ
735 2209 955 2264 κλιμάκων
985 2207 1267 2263 ὀρθοστατων

243 2287 296 2339 ἃς
325 2287 583 2344 προσβαλὼν
612 2287 815 2329 πύλαισιν
845 2287 1009 2341 ὤμοσεν
1039 2286 1166 2329 πόλιν

244 2362 415 2419 πέρσειν
444 2369 552 2407 θεοῦ
579 2363 796 2417 θέλοντος,
828 2363 881 2418 ἤν
911 2380 953 2406 τε
983 2364 1039 2419 μὴ·
1071 2361 1191 2418 θέλῃ,

111 2442 194 2485 500
241 2440 332 2484 οὐδ’
366 2442 556 2497 ἥρπασεν
584 2440 790 2497 χάρυβδις
820 2440 1115 2483 οἰωνοσκόπον

244 2516 483 2574 τέθριππον
513 2519 628 2574 ἅρμα
656 2519 944 2573 περιβαλοῦσα
972 2517 1168 2573 χάσματι,

245 2595 365 2639 ἄλλοι
394 2611 436 2638 τε
465 2600 623 2638 κεῖνται
651 2594 760 2650 πρὸς
789 2595 942 2646 πύλαις
972 2593 1196 2650 λοχαγέται

245 2673 414 2730 πέτροις
443 2672 780 2724 καταξανθέντες
810 2671 971 2715 ὀστέων
1002 2671 1158 2727 ῥαφάς·

251 2752 277 2808 ἤ
304 2768 387 2795 νυν
415 2755 591 2808 φρονεῖν
621 2750 794 2804 ἄμεινον
823 2748 987 2804 ἐξαύχει
1018 2750 1136 2808 Δίος,
