1743 3163
749 220 800 264 19

84 351 350 406 potissimum
377 351 516 393 locum
545 352 746 405 quadret?
804 352 1074 395 Conferamus
1096 353 1219 407 Soph.
1239 353 1460 395 Phil.4S4:

85 433 255 482 νεῦσον,
285 426 393 485 πρὸς
423 426 557 470 αὐτοῦ
592 428 730 482 Ζηνὸς
752 429 924 482 ἱκεσίου,
945 427 1106 483 τέκνον,
1126 431 1334 484 πείσθητι.
1364 431 1462 472 Eur.

86 507 190 549 Hec.
221 506 325 549 345:
364 503 581 561 πέφευγας
609 506 686 548 τὸν
716 505 817 561 ἐμὸν
848 507 1005 549 ἱκεσίου
1033 508 1131 550 Δία.
1189 509 1297 550 Ante
1327 509 1464 550 onmia

88 587 231 628 autem
259 586 424 627 Heracl.
449 586 549 628 107:

611 663 745 705 ἄθεον
775 662 935 704 ἱκεσίαν

351 745 546 795 μεθεῖναι
574 740 692 782 πόλει
722 739 853 790 ξένων
882 740 1170 796 προστροπάν.

220 818 333 870 Quas
363 818 466 859 duas
496 817 798 860 observationes
829 818 862 858 si
885 818 1116 870 jungimus,
1153 818 1334 871 aliquam
1375 815 1464 871 pro-

88 897 350 939 babilitatem
377 909 461 938 non
491 896 632 938 deesse
660 898 856 949 putamus
887 895 1144 948 conjecturae
1175 898 1362 937 nostrae:

220 972 300 1028 ἐγὼ
331 972 376 1016 δὲ
407 971 462 1027 σ’,
495 967 527 1015 ὦ
558 976 646 1025 παῖ,
680 978 826 1028 πρῶτα
855 973 932 1028 μὲν
961 973 1012 1015 τὰ
1042 979 1127 1015 τῶν
1156 978 1270 1016 θεῶν

221 1055 395 1093 σκοπεῖν
423 1049 593 1102 κελεύω,
624 1048 680 1103 μὴ
712 1052 889 1105 σφαλῇς,
920 1049 1171 1104 ἀτιμάσας

222 1125 374 1171 σφάλλει
397 1124 467 1170 γὰρ
495 1123 532 1159 ἐν
557 1125 676 1172 τούτῳ
701 1125 801 1174 μόνῳ

221 1194 314 1249 τὴν
343 1198 439 1236 νῦν
468 1198 741 1248 παροῦσαν
772 1193 988 1245 ἱκεσίαν,
1020 1191 1128 1234 τᾶλλ’
1162 1188 1208 1234 εὖ
1239 1199 1424 1248 φρονῶν.

171 1271 237 1313 Ad
265 1271 393 1312 finem
421 1271 651 1325 pervenisse
681 1272 780 1324 puto
812 1270 1095 1323 quaestionem
1126 1270 1173 1311 de
1204 1284 1285 1312 vss.
1315 1271 1395 1312 310
1426 1271 1466 1311 ct

90 1349 171 1390 348
201 1347 399 1389 delendis.
454 1348 638 1389 Priorem
668 1348 802 1398 enim,
840 1360 963 1400 quem
992 1346 1044 1388 N.
1085 1347 1127 1386 in
1157 1347 1249 1388 adn.
1281 1347 1331 1388 ad
1363 1346 1467 1400 Sup-

91 1425 220 1479 plices
249 1426 296 1466 ut
325 1426 565 1479 suspectum
594 1425 772 1475 notavit,
802 1424 1052 1465 Ribbeckius
1083 1424 1206 1476 (Mus.
1236 1423 1315 1464 Rh.
1346 1422 1395 1464 31
1427 1436 1466 1475 p.

91 1502 190 1554 625)
222 1503 331 1543 rectc
363 1501 463 1543 dixit
493 1503 534 1543 et
554 1502 748 1543 orationis
768 1501 1085 1542 continuitatem
1104 1500 1280 1553 pessime
1301 1500 1466 1540 turbare

91 1592 225 1633 neque
258 1580 351 1633 apte
382 1579 540 1621 dictum
570 1593 658 1621 esse
689 1578 729 1629 ἐς
749 1576 865 1632 τήνδ’
891 1576 1093 1632 ἀνάγκην.
1124 1579 1313 1619 Alterum
1329 1578 1468 1618 autem

92 1669 258 1698 versum
286 1658 396 1698 recte
428 1656 597 1697 adnotat
627 1656 738 1697 idem
757 1655 808 1696 N.
841 1653 1035 1708 (bulletin
1065 1654 1112 1695 de
1131 1654 1231 1695 l'Ac.
1252 1654 1322 1696 des
1342 1666 1397 1695 sc.
1419 1653 1467 1694 de

95 1731 155 1774 St.
175 1732 221 1773 P.
241 1731 363 1773 XXII
381 1745 419 1785 p.
443 1731 512 1782 89)
545 1731 800 1786 ineptissime
833 1732 1001 1772 deorum
1020 1731 1196 1772 invidiae
1216 1731 1469 1771 mentionem

94 1808 227 1849 facere
261 1810 302 1849 et
331 1808 381 1849 ab
412 1808 701 1862 interpolatore
730 1809 875 1850 fictum
905 1820 1004 1857 esse,
1036 1808 1105 1860 qui
1136 1808 1334 1861 optimam
1354 1807 1469 1846 illam

95 1885 336 1926 elocutionis
365 1885 630 1926 brevitatem:
662 1884 759 1927 εἰδὲ
780 1884 851 1938 μὴ,
871 1885 941 1941 βίᾳ
964 1880 1091 1937 δορός
1121 1882 1252 1922 fusius
1282 1893 1469 1922 enarrare

96 1963 295 2004 studeret.
364 1962 551 2003 Nauckio
582 1962 807 2003 assentitus
838 1963 900 2002 est
927 1961 991 2001 W.
1022 1959 1090 2011 (cf.
1120 1959 1173 2000 H.
1208 1958 1258 1999 14
1286 1971 1325 2010 p.
1360 1958 1469 2005 181).

160 2040 261 2082 350:
293 2036 405 2089 δόξει
435 2035 471 2079 δ’
505 2036 608 2092 ἐμοῦ
637 2037 852 2091 θέλοντος,
886 2036 991 2079 ἀλλὰ
1020 2041 1097 2078 τοῦ
1126 2033 1259 2088 λόγου

293 2115 513 2172 προσδοὺς
544 2114 668 2170 ἔχοιμ’
702 2115 756 2157 ἂν
785 2116 921 2169 δῆμον
949 2111 1256 2167 εὐμενέστερον.

291 2192 363 2235 καὶ
392 2192 476 2249 γὰρ
504 2190 721 2246 κατέστησ’
756 2190 889 2233 αὐτὸν
918 2192 974 2241 εἰς
1002 2188 1237 2244 μοναρχίαν

294 2267 585 2324 ἐλευθερώσας
613 2265 730 2321 τήνδ’
764 2266 981 2322 ἰσόψηφον
1009 2265 1146 2308 πόλιν.

229 2360 297 2402 Ita
327 2359 499 2401 codices.
556 2357 765 2398 Nimirum
796 2357 864 2398 diu
893 2357 982 2398 VV.
1013 2355 1078 2396 dd.
1108 2352 1334 2394 haerebant
1361 2350 1403 2391 in
1433 2363 1471 2390 v.

99 2437 194 2480 352.
222 2437 276 2478 K.
306 2437 349 2477 in
379 2435 555 2477 editione
584 2434 738 2487 majore
770 2433 930 2486 scripsit
950 2428 1001 2472 οὐ
1019 2429 1102 2484 γὰρ
1123 2426 1205 2470 κτὲ.
1235 2427 1307 2468 N.:
1340 2423 1472 2467 αὐτὸν

100 2512 145 2556 ἐκ
173 2513 434 2569 μοναρχίας,·
467 2504 536 2554 alii
567 2512 660 2553 alia.
718 2509 965 2551 Remedium
994 2507 1271 2549 certissimum
1300 2503 1473 2544 allatum

103 2606 192 2635 esse
220 2593 321 2647 puto
350 2592 585 2645 conjectura
616 2588 778 2631 Ottonis
811 2586 976 2635 Heus-ei,
1008 2585 1077 2638 qui
1105 2585 1148 2625 in
1178 2580 1473 2628 dissertatione,

102 2671 168 2713 cui
201 2683 355 2713 nomen
392 2668 610 2723 imposuit:
647 2664 970 2707 Exercitationes
1007 2662 1170 2703 criticae
1200 2658 1401 2713 imprimis
1431 2657 1472 2697 in

100 2749 307 2803 Euripidis
336 2746 579 2801 fragmentis
611 2743 724 2795 (Hal.
747 2742 839 2784 Sax.
864 2739 997 2793 1868),
1022 2754 1060 2793 p.
1084 2740 1131 2780 11
1154 2736 1316 2791 scripsit
1342 2732 1474 2775 αὐτὸν

369 2812 374 2817 ·
1228 2813 1275 2831 .,

1229 2834 1246 2846 Ι-
