1743 3163
776 223 828 266 37

770 488 832 535 ΙΙ.

305 597 370 642 DE
400 597 622 644 SINGULIS
655 598 738 649 QUI
769 598 1005 644 RESTANT
1037 598 1294 644 VERSIBUS.

306 710 345 763 a)
367 711 415 752 de
434 711 631 762 versibus,
653 725 754 765 qnos
776 714 847 754 aut
867 713 953 766 ipse
975 712 1018 753 in
1037 712 1309 766 suspitionem
1330 713 1492 754 delatus

362 790 434 830 aut
462 788 549 832 VV.
583 790 649 831 dd.
683 790 850 831 secutus
883 790 1041 844 spurios
1072 802 1161 832 esse
1192 801 1350 831 censeo.
1389 818 1391 821 -

151 930 156 935 .
215 899 316 940 Post
330 899 683 953 corruptissimam
698 900 815 941 illam
832 899 978 942 Thesei
992 900 1219 941 orationem
1238 898 1493 951 (leo—24⁴2»)

106 975 201 1016 libri
231 975 353 1017 MSS.
383 976 458 1017 hos
488 978 570 1018 tres
600 988 742 1018 versus
773 976 905 1018 Choro
934 977 1145 1018 tribuunt:

163 1053 258 1095 250.
290 1052 496 1107 ἥμαρτεν·
528 1051 574 1094 ἐν
601 1052 767 1095 νόσοισι
788 1055 817 1104 ¹)
850 1052 887 1094 δ’
922 1051 1170 1107 ἀνθρώπων
1199 1052 1296 1095 τόδε

289 1128 446 1172 ἔνεστι·
478 1129 736 1185 συγγνώμην
766 1131 811 1173 δὲ
840 1130 939 1189 τῷδ’
974 1131 1082 1185 ἔχειν
1110 1129 1259 1185 χρεών.

290 1206 376 1250 ἀλλ’
409 1206 465 1258 ὡς
495 1208 645 1263 ἰατρὸν
674 1208 816 1263 τῶνδ’,
847 1209 966 1263 ἄναξ,
999 1209 1230 1264 ἀφίγμεθα.

240 1287 385 1328 Varios
415 1299 558 1328 versus
588 1286 668 1327 252
697 1287 762 1328 vel
794 1288 1041 1348 emendandi
1078 1288 1145 1328 vel
1172 1288 1282 1328 recte
1314 1287 1493 1341 ponendi

109 1365 281 1406 conatus
324 1364 586 1405 enumeratos
630 1364 808 1418 reperias
850 1364 958 1418 apud
994 1364 1274 1406 Matthiae-um
1318 1366 1360 1405 et
1387 1363 1494 1404 Har-

108 1441 317 1495 tungium.
384 1440 514 1482 Primi
545 1442 685 1483 autem
716 1454 812 1482 eum
843 1441 967 1482 delen·
991 1441 1208 1494 jusserunt
1236 1441 1493 1483 Matthiaeus

108 1520 150 1561 et
176 1519 408 1569 Dobraeus‚
451 1531 553 1572 quos
597 1531 739 1560 omnes
768 1531 899 1573 paene
929 1520 1179 1561 recentiores
1211 1520 1343 1561 secuti
1374 1521 1492 1561 sunt:

106 1609 242 1650 neque
273 1597 432 1647 dubito,
463 1597 563 1649 quin
593 1597 746 1651 optimo
771 1597 863 1650 jure
894 1598 970 1638 hoc
1000 1597 1160 1639 factum
1191 1598 1244 1638 sit
1271 1598 1394 1651 plane
1424 1598 1494 1639 iis-

108 1674 204 1716 dem
233 1673 282 1715 de
312 1673 460 1723 causis,
504 1686 606 1726 quas
638 1674 825 1726 exposuit-
853 1674 1114 1727 Hartungius
1144 1675 1187 1715 in
1218 1675 1494 1717 adnotationi-

108 1752 186 1793 bus
217 1751 269 1792 ad
297 1751 411 1792 hunc
429 1762 609 1792 versum.
666 1751 808 1792 Minus
826 1752 970 1792 tamen
990 1753 1101 1793 recte
1115 1751 1324 1804 judicasse
1347 1765 1493 1794 censeo

107 1828 395 1879 Matthiaeum‚
427 1839 509 1881 qua
538 1827 696 1869 ratione
727 1841 763 1869 v.
786 1828 866 1869 252
897 1828 973 1869 hoc
1002 1828 1091 1870 1000
1122 1829 1235 1869 ortus
1266 1829 1331 1870 sit.
1382 1829 1495 1870 Dicit

107 1906 240 1948 enim:
281 1905 405 1956 „mihi
440 1904 603 1946 videtur
644 1904 793 1957 aliquis
831 1905 882 1945 ad
910 1905 1057 1946 verba:
1101 1902 1186 1945 ἀλλ’
1221 1903 1278 1954 ὡς
1308 1903 1492 1959 ὀναίμην

105 1984 154 2024 ut
183 1983 328 2025 eadem
358 1982 608 2024 constructio
647 1982 975 2030 conservaretur,
1015 1982 1280 2035 adscripsisse
1313 1980 1397 2022 ἀλλ’
1434 1980 1490 2031 ὠς

107 2057 270 2114 ἰατρόν,
313 2059 419 2100 alius
459 2071 553 2100 vero
594 2071 761 2100 versum
802 2058 1012 2112 integrum
1056 2058 1332 2112 p1·ocudisse.“
1388 2060 1493 2101 Mihi

107 2138 248 2178 autem
277 2149 326 2178 ex
356 2149 415 2187 eo,
446 2136 555 2189 quod
586 2136 745 2177 codices
778 2149 943 2178 versum
973 2137 1094 2178 illum
1124 2137 1245 2178 choro
1287 2137 1492 2188 tribuunt,

108 2216 226 2269 sequi
253 2215 427 2266 videtur,
460 2228 555 2257 eum
586 2216 636 2256 ab
668 2228 750 2256 uno
781 2215 1007 2267 eodemque
1028 2215 1195 2256 homine
1218 2215 1494 2269 compositum

105 2293 243 2336 versui
261 2294 343 2336 253
364 2294 619 2348 adscriptum
637 2294 679 2335 in
699 2293 921 2348 archetypo
943 2294 1158 2345 exstitisse,
1186 2294 1332 2348 postea
1352 2295 1493 2336 autem

106 2371 211 2413 falso
239 2372 329 2414 loco
358 2372 402 2413 in
431 2374 671 2415 contextum
699 2372 925 2426 irrepsisse.

238 2482 267 2523 1)
291 2480 347 2515 Sic
370 2482 464 2515 recte
487 2481 709 2526 Hartungius
733 2492 794 2525 pro
819 2479 956 2521 νέοισι,·
995 2480 1088 2525 quod
1112 2480 1300 2525 Ehnslejus
1325 2480 1493 2525 conjecit:

105 2545 308 2592 ἥμαρτον·
335 2545 381 2582 ἐν
405 2545 552 2582 νέοισι
576 2546 638 2582 nti}
662 2559 731 2582 non
754 2547 988 2592 probaverim,
1013 2547 1095 2591 quia
1119 2557 1187 2580 non
1211 2546 1252 2580 (le
1277 2548 1409 2591 septem
1434 2547 1494 2581 du-

107 2614 218 2657 cibus,
242 2615 302 2649 sed
327 2615 368 2649 de
392 2614 464 2649 solo
488 2615 640 2648 Adrasto
664 2614 729 2648 hoe
752 2614 867 2648 valere
891 2624 991 2658 posse
1016 2624 1033 2647 e
1057 2612 1345 2657 praecedentibus
1368 2613 1492 2648 Thesei

107 2681 222 2716 verbis
257 2682 389 2717 elucere
420 2681 507 2715 mihi
538 2681 693 2716 videtur:
731 2681 870 2726 χαίρων
897 2679 967 2716 ἴθ’·
993 2681 1028 2715 εἰ
1046 2679 1116 2725 γὰρ
1141 2679 1191 2725 μὴ
1215 2679 1494 2726 βεβούλευσαι

107 2750 232 2789 καλῶς
256 2746 329 2784 κτὲ.
