1743 3163
83 359 376 413 περιβαλοῦσα
406 357 613 413 χάσματις
645 358 764 401 ἄλλοι
793 375 835 402 τε
865 362 1023 401 κεῖνται
1042 358 1150 414 πρὸς
1170 358 1323 410 πύλαις
1342 363 1468 415 λοχα-

83 434 202 488 γέται
229 460 283 465 —-
312 432 482 490 πέτροις
511 434 848 486 καταξανθέντες
879 435 1039 480 ὀστέων
1069 436 1223 491 ῥαφάς.

215 514 338 556 Hanc
369 515 512 557 tamen
543 515 591 557 de
621 516 803 557 maxima
833 518 874 558 et
902 515 1060 558 nefaria
1080 516 1261 570 Capanei
1293 516 1468 558 audacia

83 593 363 635 narrationem
404 593 527 635 toties
575 593 684 647 apud
731 595 873 648 poetas
914 595 1073 636 veteres
1114 594 1352 636 invenimus
1397 595 1466 647 (cf.

82 671 215 713 Phon.
251 671 328 712 170
360 684 449 724 sqq.
487 672 636 713 Aesch.
669 671 782 725 Sept.
819 671 909 713 adv.
947 672 1021 712 Th.
1053 672 1146 713 420.
1177 672 1271 714 432.
1342 672 1465 727 Soph.

86 749 134 792 Ο.
165 749 209 791 C.
245 749 362 792 1318.
393 751 489 791 Ant.
524 732 601 792 130
633 763 721 804 sqq.
779 749 901 804 Apud
930 750 1073 803 poetas
1102 750 1312 792 Romanos
1344 764 1374 793 e.
1407 766 1464 805 gr.

86 825 190 868 Stat.
223 828 350 869 Theb.
381 829 420 870 X
449 829 530 871 922
562 826 679 881 sqq),
722 829 770 868 ut
810 827 1006 869 facillime
1047 827 1144 868 huic
1188 840 1349 882 quoque
1380 817 1468 872 loco

85 905 135 946 ab
178 905 468 960 interpolatore
512 906 692 959 quodam
733 905 898 946 obtrudi
938 905 1129 959 potuerit.
1189 906 1295 947 Ficti
1327 909 1467 949 autem

85 995 174 1023 esse
206 983 396 1024 videntur
425 996 506 1025 vss
536 984 616 1026 498
649 985 689 1024 ot
719 983 799 1024 499
831 982 882 1024 ad
914 984 1149 1037 exemplum
1181 996 1332 1036 eorum,
1365 999 1468 1038 quos

84 1060 262 1113 legimus
293 1061 401 1115 apud
421 1061 676 1114 Aeschylum
699 1060 810 1114 Sept.
830 1060 923 1110 426,
954 1061 1203 1113 quibuscum
1223 1061 1273 1102 ad
1297 1063 1468 1104 verbum

85 1150 216 1191 paene
247 1139 535 1180 consentiunt:
565 1140 591 1190 ¹)

202 1216 351 1258 Aesch.
383 1216 497 1270 Sept.
529 1216 623 1257 426.
774 1229 775 1233 ¹
900 1215 998 1257 Eur.
1031 1215 1174 1270 Suppl.
1204 1218 1284 1260 498
1318 1232 1378 1272 sq.

84 1290 264 1346 πύργοις
278 1290 314 1334 δ’
331 1291 493 1335 ἀπειλεῖ
505 1289 619 1344 δείν’,
643 1290 669 1332 ἃ
688 1289 746 1344 μὴ
773 1296 775 1314 ¹
1002 1291 1167 1346 ιόμοσεν
1196 1293 1323 1336 πόλιν

86 1368 252 1423 κραίνοι
281 1368 402 1424 τύχη.
454 1373 562 1411 θεοῦ
592 1383 634 1410 τε
665 1367 747 1422 γὰρ
804 1367 974 1422 πέρσειν
1002 1373 1110 1410 θεοῦ
1129 1368 1334 1421 θέλοντος
1354 1371 1407 1426 ἤν
1425 1388 1468 1414 τε

84 1443 288 1497 θέλοντος
308 1444 524 1501 ἐκπέρσειν
537 1443 662 1486 πόλιν
677 1442 747 1486 καὶ
774 1455 775 1458 ’
804 1444 860 1499 μὴ
890 1443 1008 1500 θέλῃ.

84 1520 140 1575 μὴ
169 1522 375 1573 θέλοντός
404 1534 547 1578 φησιν.

217 1601 372 1642 Versus
402 1601 621 1643 506—510
653 1598 852 1642 delendos
881 1613 970 1642 esse
995 1601 1199 1654 judicavit
1227 1603 1279 1646 K.
1315 1603 1367 1655 S„
1389 1618 1468 1658 quo

86 1676 175 1718 loco
217 1677 266 1719 de
307 1677 516 1731 Euripidis
558 1678 864 1731 tragoediarum
907 1678 1083 1720 editione
1126 1680 1398 1723 Dindorfiana
1428 1683 1466 1736 (e

86 1755 302 1807 poetarum
333 1768 467 1809 graec.
500 1756 595 1798 edit.
627 1756 850 1809 separatim
881 1758 1088 1810 expressa)
1123 1769 1341 1800 censuram
1379 1773 1470 1813 pro-

86 1832 186 1873 tulit
216 1832 456 1884 (P11.A.VI
480 1834 585 1876 1874
613 1846 652 1887 p.
683 1834 796 1884 392).
856 1833 932 1875 Cui
962 1833 1272 1876 concedendum
1302 1837 1469 1889 quidem

88 1911 160 1960 est,
202 1923 276 1953 suo
313 1912 402 1953 loco
431 1924 575 1954 versus
603 1911 696 1952 illos
743 1923 831 1952 esse
862 1911 1042 1965 ineptos,
1073 1911 1144 1952 sed
1173 1914 1315 1965 procul
1346 1914 1469 1955 dubio

86 1988 314 2030 rectissime
354 2003 437 2031 non
479 1990 673 2032 delendos
716 2002 784 2031 eos
827 2001 915 2031 esse
956 1990 1119 2042 putarit
1147 1989 1225 2041 W„
1256 1990 1327 2032 sed
1356 2003 1471 2033 revo-

88 2065 240 2107 candos
270 2068 436 2109 tantum
465 2068 508 2108 in
536 2068 732 2109 lacunam
761 2068 868 2109 inter
897 2081 934 2109 v.
963 2067 1044 2108 493
1075 2068 1117 2109 et
1145 2067 1228 2109 494
1256 2068 1468 2118 hiantem;

88 2145 388 2187 sententiarum
430 2148 570 2188 autem
612 2159 812 2188 conexum
853 2147 1058 2200 optimum
1101 2147 1253 2200 optime
1285 2148 1470 2202 exposuit

87 2220 169 2262 ita:
207 2223 338 2273 „inter
372 2225 637 2266 sanctissima
674 2224 809 2266 officia
839 2226 918 2275 est,
948 2224 1127 2278 patriam
1157 2236 1330 2275 servare,
1361 2225 1469 2278 quod

87 2311 170 2340 non
199 2300 444 2352 temeritate,
475 2301 546 2343 sed
575 2301 843 2355 providentia,
873 2302 1077 2344 virtutum
1107 2314 1283 2352 summa,
1313 2301 1382 2350 fit3
1423 2303 1471 2343 tu

88 2389 182 2419 vero
212 2379 386 2432 suscipis
423 2379 583 2421 bellum
618 2393 698 2422 non
737 2379 977 2434 imprudens
1018 2380 1209 2430 tantum,
1241 2378 1313 2420 sed
1344 2378 1470 2420 etiam

89 2450 337 2509 sacrilegum
367 2458 465 2500 etc.“
522 2457 683 2510 Quibus
712 2458 816 2499 nihil
845 2458 989 2509 habeo,
1020 2457 1129 2511 quod
1159 2456 1322 2498 addam.

220 2565 249 2609 1)
273 2565 372 2609 Quod
396 2567 535 2612 quidem
560 2567 604 2602 ad
636 2578 755 2602 versus
788 2567 949 2602 delendos
973 2577 1042 2601 non
1065 2566 1217 2601 multum
1240 2566 1354 2600 valere
1377 2566 1470 2600 recte

90 2629 210 2665 docuit
232 2631 444 2667 Firnhaber:
470 2633 775 2677 Qetbiidytigungen
800 2643 838 2668 κ.
864 2645 896 2677 p.
921 2633 963 2668 34
987 2633 1032 2675 ff..
1056 2643 1123 2677 quo
1156 2632 1230 2667 loco
1255 2633 1296 2666 ut
1319 2631 1471 2676 Aeschy-

88 2697 161 2732 lum
186 2708 287 2743 saepe
310 2698 522 2734 imitatorem
545 2699 653 2734 fuisse
668 2699 870 2743 Phrynichi,
887 2698 1052 2742 Aeschyli
1067 2697 1280 2743 Sophoclem,
1305 2698 1356 2731 ita
1373 2697 1470 2731 Euri-

91 2764 205 2808 pidem
230 2765 395 2810 Aeschyli
418 2768 453 2800 et
478 2765 657 2810 Sophoclis
682 2765 837 2800 Bockhio
861 2766 1062 2800 assentitur.
