1743 3163
883 209 938 251 22

352 343 459 384 Puto
494 343 620 396 igitur
648 341 690 382 in
721 342 942 396 archetypo
973 342 1147 384 duorum
1174 355 1371 399 yersuum
1409 342 1604 384 lacunam

223 422 426 464 exstitisse
443 433 617 474 eamque
633 421 682 461 ab
705 420 883 470 homine,
902 433 984 461 non
999 420 1165 473 quidem
1179 421 1317 472 stulto,
1336 435 1417 463 11110
1437 422 1604 463 tantum

222 512 343 541 versu
373 499 648 548 obstructam,
680 509 727 538 ea
757 498 917 548 autem,
949 509 1054 550 quac
1087 497 1295 550 scripserit
1323 499 1550 554 Euripides,
1581 512 1605 541 a

225 577 401 619 Stobaeo
431 577 593 617 servata
623 587 726 617 esse.

353 653 524 694 Minime
570 652 716 693 deinde
759 664 855 693 cum
897 651 963 692 W.
1007 651 1200 693 delendos
1254 664 1342 694 esse
1382 654 1481 707 puto
1522 666 1603 695 vss.

222 730 425 780 423-25,
456 729 528 771 sed
557 728 796 771 inserendos
829 741 924 769 cum
953 728 1004 769 K.
1027 729 1122 769 ante
1142 742 1179 769 V.
1199 729 1291 780 414,
1314 730 1385 772 ubi
1410 731 1605 772 lacunam

224 811 335 851 recte
364 808 620 850 indicaverat
650 806 702 847 N.

354 888 409 927 At
450 886 492 926 in
534 884 599 925 his
641 884 904 938 potissimum
947 884 1200 926 orationibus
1250 887 1360 927 recte
1394 885 1605 938 judicasse

222 965 441 1017 intellegas
481 961 864 1014 Wolterstorpium,
907 962 977 1014 qui
1026 961 1068 1001 in
1123 962 1427 1014 dissertatione,
1477 976 1603 1017 quam

224 1043 385 1097 scripsit
415 1042 463 1082 de
495 1039 685 1081 dictionis
715 1039 971 1092 Aeschyleae
1008 1039 1049 1079 in
1087 1040 1258 1093 dialogis
1287 1041 1606 1094 proprietatibus

224 1119 523 1174 (Jenae1874),
542 1117 784 1171 Euripidem
812 1130 894 1158 non
926 1118 1015 1158 tam
1046 1117 1332 1168 dramaticum,
1363 1131 1489 1171 quam
1519 1132 1607 1160 ora-

223 1202 354 1241 torem
384 1197 511 1239 fuisse
543 1196 653 1237 dicat
685 1194 752 1245 (cf.
782 1194 949 1235 Bockh:
983 1208 1038 1247 gr.
1060 1196 1164 1248 trag.
1185 1196 1312 1249 princ.
1334 1210 1372 1249 p.
1392 1196 1468 1237 175
1482 1196 1605 1250 sqq.).

223 1277 333 1318 Huic
374 1276 514 1317 autem
543 1273 750 1327 Euripidis
794 1271 1033 1325 proprietati
1078 1274 1230 1326 optime
1270 1274 1462 1327 quadrat,
1501 1275 1534 1315 si
1563 1274 1606 1315 in

223 1357 287 1397 liis
318 1353 571 1397 orationibus
601 1352 709 1392 inter
726 1363 972 1405 praeconem
992 1352 1033 1392 et
1045 1351 1251 1392 Theseum
1269 1351 1423 1394 habitis
1441 1366 1607 1407 respon-

224 1436 358 1477 siones
387 1433 481 1474 illas
511 1431 646 1472 valere
676 1429 886 1479 videmus,
925 1430 1076 1482 quibus
1106 1430 1148 1470 in
1180 1430 1451 1483 agnoscendis
1481 1430 1606 1471 nimis

225 1515 347 1566 longe
376 1521 617 1564 progressus
657 1507 761 1548 mihi
797 1507 960 1548 ridetur
996 1509 1045 1549 A.
1078 1507 1332 1550 Schmidtius
1373 1508 1496 1557 (Mus.
1526 1508 1604 1551 Rh.

228 1592 332 1634 1868
351 1603 390 1643 p.
411 1587 523 1639 439).
544 1587 571 1639 ¹)
628 1585 829 1627 Videmus
861 1586 971 1627 enim
1002 1588 1042 1627 et
1071 1598 1318 1640 praeconem
1342 1586 1382 1627 et
1401 1586 1610 1626 Theseum

223 1683 306 1712 uno
346 1680 468 1710 versu
507 1664 734 1719 praemisso
784 1664 902 1715 (409;
946 1664 1046 1715 4⁴26)
1097 1664 1206 1705 senis
1253 1664 1368 1705 denis
1422 1664 1609 1705 versibus

225 1745 499 1800 (Ado-425„
531 1742 786 1793 427-442)
821 1744 862 1783 et
892 1743 1033 1784 contra
1065 1742 1358 1783 democratiam
1389 1743 1429 1784 et
1458 1755 1530 1796 pro
1561 1755 1609 1783 ea

225 1824 458 1878 disputare3
500 1824 592 1863 tum
624 1822 765 1863 autem
794 1833 931 1862 nonne
963 1833 1115 1874 quaeso
1144 1820 1364 1862 verisimile
1396 1822 1478 1872 est,
1510 1822 1609 1874 quot

224 1900 410 1943 versibus
447 1900 589 1940 contra
628 1898 915 1940 monarchiam
955 1899 1150 1952 loquatur
1190 1898 1394 1948 Theseus,
1435 1897 1608 1938 totidem

231 1978 358 2020 etiam
386 1989 633 2031 praeconem
662 1976 947 2018 monarchiam
975 1975 1169 2017 laudibus
1200 1976 1458 2017 celebrasse?
1505 1975 1610 2016 Rec—

224 2054 381 2096 tissime
410 2054 537 2107 igitur
565 2055 761 2096 lacunam
790 2053 988 2094 indicavit
1012 2053 1100 2094 W.:
1133 2053 1363 2103 „intercidit
1393 2053 1504 2094 enim
1524 2052 1608 2094 fere

227 2131 395 2174 dimidia
424 2144 519 2186 pars
550 2133 744 2174 orationis
773 2132 986 2186 praeconis
1016 2144 1111 2173 cum
1140 2132 1228 2172 tota
1258 2131 1489 2184 tyrannidis
1519 2132 1609 2172 lau-

226 2210 389 2251 datione
421 2210 461 2251 et
492 2210 601 2251 chori
640 2211 880 2253 distichon.“
938 2210 1047 2262 Quid
1084 2211 1224 2251 autem
1261 2209 1432 2262 protulit
1460 2222 1607 2264 praeco

227 2287 278 2328 ad
307 2287 591 2330 monarchia-m
621 2289 908 2331 laudandam?
965 2290 1099 2342 Atque
1130 2289 1312 2342 primum
1342 2287 1509 2340 quidem
1541 2300 1607 2328 ea-

227 2365 321 2407 dem
362 2364 445 2406 fere
487 2366 645 2409 ratione
689 2379 784 2409 eum
828 2367 1059 2421 disputasse
1097 2367 1213 2420 puto,
1257 2367 1379 2419 atque
1409 2366 1607 2420 Polybius

227 2442 420 2484 disseruit
450 2443 499 2485 de
528 2444 791 2487 monarchiae
834 2445 926 2486 ortu
969 2456 1016 2485 ac
1056 2443 1253 2498 principio
1296 2443 1373 2493 <VI
1402 2444 1441 2486 5.
1474 2443 1510 2486 7.
1543 2443 1604 2485 ed.

358 2595 386 2637 1)
409 2595 460 2629 De
485 2595 625 2640 prologo
649 2596 756 2640 hujus
781 2597 919 2631 fabulae
944 2597 1178 2632 Schmidtium
1210 2595 1393 2640 redarguit
1415 2596 1486 2630 Jos.
1510 2596 1607 2630 Klin-

228 2661 381 2705 kenberg
404 2661 439 2696 in
464 2661 592 2705 libello,
627 2673 729 2706 quem
765 2663 973 2707 conscripsit
1009 2664 1072 2706 „dc
1096 2664 1361 2709 Euripideorum
1387 2663 1606 2708 prologcrum

228 2730 302 2763 arto
328 2729 361 2762 ct
385 2728 671 2774 interpolation&
697 2730 835 2765 Bounae
860 2730 942 2766 1881
969 2742 1001 2776 p.
1027 2732 1079 2767 39.

1697 97 1708 101 ι

1730 230 1736 241 i.
1728 192 1736 217 nr
1720 0 1736 185 ⁵—Auussffl

1725 567 1743 689 ¹1-*orfss
1728 491 1741 560 —A'—=-'-
