1743 3163
881 233 936 275 34

215 367 454 408 mortalium
487 365 763 407 conditionem
791 365 900 406 male
929 364 1187 406 intellectam
1217 375 1305 404 esse
1337 375 1360 403 a
1379 361 1597 412 Thebanis,

217 447 257 485 et
288 442 497 484 concludit
534 441 641 483 hanc
683 443 844 496 partem
875 442 1081 494 simulque
1110 441 1244 481 totam
1274 439 1501 480 orationem
1530 438 1596 479 his

216 522 370 563 verbis:

413 579 502 624 πῶς
533 569 612 616 οὖν
642 573 695 615 ἂν
725 573 809 626 εἴη;
841 572 941 623 τοὺς
971 571 1187 622 ὀλωλότας
1215 571 1396 626 νεκροὺς

411 651 554 701 θάψαι
583 648 676 693 δόθ’
712 649 811 705 ἡμῖν
841 654 927 700 τοῖς
956 648 1160 692 θέλουσιν
1190 647 1389 703 εὐσεβεῖν,

412 730 436 784 ἢ
467 730 573 784 δῆλα
602 726 819 770 τάνθένδ’·
851 725 933 782 εἶμι
962 727 1032 770 καὶ
1061 727 1193 777 θάψω
1222 727 1307 783 βίᾳ·

411 806 462 849 οὐ
492 806 576 861 γάρ
605 803 694 848 ποτ’
728 807 785 855 εἰς
803 804 1011 859 ’Έλληνας
1041 804 1346 859 ἐξοισθήσεται,

412 884 468 934 ὡς
499 885 556 935 εἰς
587 883 642 939 ἔμ’
677 883 818 926 ἐλθὼν
849 884 918 925 καὶ
948 883 1075 925 πόλιν
1106 882 1349 932 Πανδίονος

412 963 544 1017 νόμος
573 961 753 1012 παλαιὸς
784 960 1003 1015 δαιμόνων
1033 960 1262 1017 διεφθάρη.

349 1042 508 1095 Quibus
539 1042 732 1083 omnibus
763 1040 915 1093 optime
946 1040 1054 1081 inter
1083 1053 1124 1082 se
1156 1040 1472 1081 cohaerentibus
1492 1038 1601 1080 inter

216 1122 392 1176 primam
434 1122 476 1162 et
517 1121 692 1162 alteram
733 1120 927 1161 orationis
968 1121 1130 1173 partem
1170 1120 1338 1173 repente
1377 1117 1601 1159 nonnullos

216 1214 357 1242 versus
400 1200 578 1252 legimus
621 1212 643 1239 a
686 1199 988 1240 sententiarum
1027 1211 1183 1240 conexu
1217 1209 1383 1251 prorsus
1420 1197 1600 1238 alienos:

216 1280 250 1321 εἰ
280 1277 363 1333 γάρ
392 1294 432 1318 τι
464 1302 511 1307 -
546 1276 650 1319 αὐτὸ
683 1278 749 1318 δεῖ
775 1277 932 1329 λαβεῖν.
1002 1276 1191 1317 Primum
1233 1276 1343 1317 enim
1384 1274 1488 1316 illud
1517 1272 1602 1328 γὰρ

217 1359 315 1411 quid
357 1358 434 1398 sibi
475 1356 575 1398 velit
615 1356 738 1409 plane
779 1355 937 1405 nescio,
979 1367 1079 1396 nam
1106 1355 1296 1396 versibus
1327 1352 1599 1407 sequentibus

217 1450 358 1478 eorum
389 1448 492 1489 quae
523 1434 777 1489 praecedunt
809 1446 935 1475 causa
953 1447 1036 1476 non
1058 1433 1237 1475 affertur.
1295 1432 1477 1482 Accedit,
1494 1430 1603 1485 quod

216 1518 389 1568 uterquc
420 1514 545 1556 codex
582 1514 685 1555 miro
724 1525 929 1555 consensu
964 1525 1036 1567 pro
1066 1508 1300 1554 πεπόνθατ’
1332 1512 1503 1566 praebet
1531 1508 1602 1552 πέ-

216 1589 351 1633 πονθέ
380 1589 430 1645 γ’.
488 1592 735 1634 Rectissime
768 1591 914 1633 deinde
933 1591 1169 1644 Madvigius
1199 1590 1464 1643 (Adversaria
1493 1589 1600 1632 critt.

214 1670 235 1710 I
266 1684 302 1723 p.
335 1671 434 1721 249)
475 1670 679 1712 offensum
717 1683 759 1712 se
798 1683 887 1712 esse
927 1671 1026 1712 dicit
1060 1670 1196 1712 verbis
1226 1666 1451 1723 ἠμύνασθε
1481 1670 1603 1709 πολε-

214 1748 337 1800 μίους
367 1751 518 1800 καλῶς,
551 1749 734 1803 αἰσχρῶς
765 1747 801 1789 δ’
835 1748 1010 1798 ἐκείνοις
1043 1750 1181 1801 („nam
1212 1748 1245 1789 si
1276 1748 1368 1801 quis
1400 1748 1457 1789 sic
1487 1759 1605 1789 enar-

215 1839 302 1867 rare
342 1829 532 1868 conetur:
576 1828 785 1869 Thebanis
828 1827 1000 1880 gloriae,
1043 1827 1206 1880 Argivis
1249 1826 1436 1868 dedecori
1477 1824 1604 1866 fuisse

213 1917 408 1957 pugnam,
439 1903 618 1946 debebat
648 1905 748 1946 dici:
796 1904 899 1958 ὑμῖν
935 1903 1014 1958 μὲν
1051 1907 1188 1954 καλῶς
1219 1902 1302 1946 κτὲ.
1345 1903 1490 1945 deinde
1535 1902 1606 1956 qui

217 1982 402 2034 sequitur
443 1980 495 2035 χὴ
531 1982 628 2035 δίκη
659 1981 944 2035 διοίχεττιιῖῡ*·’).
1013 1981 1233 2022 Praeterea
1273 1980 1453 2031 offendit,
1497 1979 1606 2033 quod

215 2059 291 2100 hoc
332 2060 420 2100 loco
450 2059 634 2100 Theseus
674 2071 697 2100 a
726 2059 933 2100 Thebanis
964 2060 1012 2099 ut
1041 2059 1194 2099 mortui
1223 2058 1450 2099 reddantur
1478 2058 1605 2111 petat,

217 2136 325 2188 quod
357 2136 432 2177 sub
463 2135 590 2177 finem
621 2135 816 2177 orationis
837 2135 990 2177 iterum
1010 2135 1120 2186 facit,
1139 2135 1279 2188 ibique
1298 2136 1432 2177 multo
1454 2135 1604 2190 aptius.

219 2213 260 2253 Si
305 2214 445 2254 autem
487 2227 522 2254 v.
560 2213 668 2255 531:
718 2209 855 2254 ἐάσατ’
897 2210 979 2266 ἤδη
1018 2217 1073 2267 γῇ
1110 2214 1388 2266 καλυφθῆναι
1427 2210 1608 2266 νεκρούς

216 2302 312 2329 cum
339 2289 654 2331 Wilamowitzio
685 2301 704 2330 e
736 2290 929 2330 contextu
958 2289 1220 2339 removimus,
1250 2290 1342 2330 tum
1373 2289 1604 2330 conclusio:

216 2378 310 2418 ergo
341 2379 480 2408 sacrae
513 2368 750 2420 sepulturae
781 2367 862 2420 legi
893 2367 1174 2421 obtemperate
1208 2380 1227 2408 e
1253 2366 1416 2420 scriptis
1440 2366 1625 2419 quidem'

214 2444 400 2485 versibus
432 2445 612 2496 tollitur,
655 2445 1018 2499 subintellegenda
1057 2446 1199 2487 autem
1230 2445 1312 2496 est,
1341 2445 1401 2486 ita
1429 2445 1478 2486 ut
1506 2443 1610 2485 nihil

216 2521 464 2573 proficiatur.

347 2600 502 2642 Omnes
532 2601 659 2654 igitur
688 2601 782 2643 inde
815 2614 838 2643 a
868 2614 904 2643 v.
935 2602 1016 2644 528
1045 2613 1178 2653 usque
1209 2601 1261 2642 ad
1280 2614 1318 2642 v.
1336 2599 1417 2642 536
1448 2598 1606 2653 spurios

215 2689 303 2718 esse
336 2689 493 2728 censeo,
525 2680 649 2731 atque
681 2679 729 2720 de
760 2692 839 2720 vss.
871 2679 1094 2721 531—536
1121 2679 1379 2732 permultum
1408 2677 1530 2728 valet,
1559 2677 1608 2717 ut

217 2766 340 2806 supra
371 2754 767 2806 demonstravimus,
799 2756 1016 2798 Stobaeus.
1073 2756 1267 2807 Accedit,
1308 2755 1416 2809 quod
1458 2766 1608 2797 novem
