<?xml version="1.0" encoding="UTF-8"?>
<!DOCTYPE html PUBLIC "-//W3C//DTD XHTML 1.0 Transitional//EN"
    "http://www.w3.org/TR/xhtml1/DTD/xhtml1-transitional.dtd">
<html xmlns="http://www.w3.org/1999/xhtml" xml:lang="en" lang="en">
 <head>
  <title>
</title>
<meta http-equiv="Content-Type" content="text/html;charset=utf-8" />
  <meta name='ocr-system' content='tesseract 3.04.00' />
  <meta name='ocr-capabilities' content='ocr_page ocr_carea ocr_par ocr_line ocrx_word'/>
</head>
<body>
  <div class='ocr_page' id='page_1' title='image "./desupplicumeurip00gebhuoft_0007.png"; bbox 0 0 1743 3163; ppageno 0'>
   <div class='ocr_carea' id='block_1_1' title="bbox 75 933 1473 2722">
    <p class='ocr_par' dir='ltr' id='par_1_1' title="bbox 75 933 1462 1646">
     <span class='ocr_line' id='line_1_1' title="bbox 210 933 1458 1024; baseline -0.001 -13"><span class='ocrx_word' id='word_1_1' title='bbox 210 933 375 1011; x_wconf 79' lang='lat' dir='ltr'>Nostra</span> <span class='ocrx_word' id='word_1_2' title='bbox 395 971 529 1011; x_wconf 85' lang='lat' dir='ltr'>aetate</span> <span class='ocrx_word' id='word_1_3' title='bbox 552 970 585 1011; x_wconf 90' lang='lat' dir='ltr'>si</span> <span class='ocrx_word' id='word_1_4' title='bbox 606 970 697 1023; x_wconf 89' lang='lat' dir='ltr'>quis</span> <span class='ocrx_word' id='word_1_5' title='bbox 718 970 1034 1024; x_wconf 83' lang='lat' dir='ltr'>Euripidearum</span> <span class='ocrx_word' id='word_1_6' title='bbox 1064 970 1302 1012; x_wconf 87' lang='lat' dir='ltr'>fabularum</span> <span class='ocrx_word' id='word_1_7' title='bbox 1332 970 1458 1011; x_wconf 88' lang='lat' dir='ltr'>inter-</span> 
     </span>
     <span class='ocr_line' id='line_1_2' title="bbox 75 1047 1459 1104; baseline -0.003 -12"><span class='ocrx_word' id='word_1_8' title='bbox 75 1050 304 1104; x_wconf 85' lang='lat' dir='ltr'>polationes</span> <span class='ocrx_word' id='word_1_9' title='bbox 333 1047 573 1088; x_wconf 84' lang='lat' dir='ltr'>tractandas</span> <span class='ocrx_word' id='word_1_10' title='bbox 605 1047 682 1088; x_wconf 92' lang='lat' dir='ltr'>sibi</span> <span class='ocrx_word' id='word_1_11' title='bbox 702 1048 912 1101; x_wconf 75' lang='lat' dir='ltr'>proposuit</span> <span class='ocrx_word' id='word_1_12' title='bbox 932 1060 1013 1088; x_wconf 89' lang='lat' dir='ltr'>non</span> <span class='ocrx_word' id='word_1_13' title='bbox 1035 1047 1185 1090; x_wconf 87' lang='lat' dir='ltr'>fusiore</span> <span class='ocrx_word' id='word_1_14' title='bbox 1205 1047 1459 1102; x_wconf 74' lang='lat' dir='ltr'>praefatione</span> 
     </span>
     <span class='ocr_line' id='line_1_3' title="bbox 75 1125 1460 1184; baseline -0.001 -16"><span class='ocrx_word' id='word_1_15' title='bbox 75 1127 200 1180; x_wconf 89' lang='lat' dir='ltr'>hujus</span> <span class='ocrx_word' id='word_1_16' title='bbox 218 1125 277 1167; x_wconf 90' lang='lat' dir='ltr'>rei</span> <span class='ocrx_word' id='word_1_17' title='bbox 298 1125 506 1166; x_wconf 77' lang='lat' dir='ltr'>excusatio</span> <span class='ocrx_word' id='word_1_18' title='bbox 535 1125 572 1166; x_wconf 93' lang='lat' dir='ltr'>ei</span> <span class='ocrx_word' id='word_1_19' title='bbox 591 1125 770 1179; x_wconf 89' lang='lat' dir='ltr'>petenda</span> <span class='ocrx_word' id='word_1_20' title='bbox 791 1127 863 1175; x_wconf 83' lang='lat' dir='ltr'>est,</span> <span class='ocrx_word' id='word_1_21' title='bbox 884 1126 1080 1184; x_wconf 84' lang='lat' dir='ltr'>quoniam</span> <span class='ocrx_word' id='word_1_22' title='bbox 1107 1128 1226 1168; x_wconf 80' lang='lat' dir='ltr'>tanta</span> <span class='ocrx_word' id='word_1_23' title='bbox 1248 1128 1460 1168; x_wconf 82' lang='lat' dir='ltr'>tantorum</span> 
     </span>
     <span class='ocr_line' id='line_1_4' title="bbox 76 1203 1462 1260; baseline -0.001 -14"><span class='ocrx_word' id='word_1_24' title='bbox 76 1205 256 1247; x_wconf 76' lang='lat' dir='ltr'>virorum</span> <span class='ocrx_word' id='word_1_25' title='bbox 287 1203 425 1246; x_wconf 88' lang='lat' dir='ltr'>studia</span> <span class='ocrx_word' id='word_1_26' title='bbox 453 1203 496 1245; x_wconf 90' lang='lat' dir='ltr'>in</span> <span class='ocrx_word' id='word_1_27' title='bbox 525 1204 604 1245; x_wconf 88' lang='lat' dir='ltr'>hac</span> <span class='ocrx_word' id='word_1_28' title='bbox 633 1203 896 1257; x_wconf 87' lang='lat' dir='ltr'>potissimum</span> <span class='ocrx_word' id='word_1_29' title='bbox 935 1205 1033 1245; x_wconf 88' lang='lat' dir='ltr'>artis</span> <span class='ocrx_word' id='word_1_30' title='bbox 1064 1206 1227 1247; x_wconf 85' lang='lat' dir='ltr'>criticae</span> <span class='ocrx_word' id='word_1_31' title='bbox 1252 1205 1462 1260; x_wconf 75' lang='lat' dir='ltr'>provincia</span> 
     </span>
     <span class='ocr_line' id='line_1_5' title="bbox 76 1281 1460 1337; baseline 0 -13"><span class='ocrx_word' id='word_1_32' title='bbox 76 1283 240 1325; x_wconf 79' lang='lat' dir='ltr'>versata</span> <span class='ocrx_word' id='word_1_33' title='bbox 275 1282 493 1324; x_wconf 88' lang='lat' dir='ltr'>habemus.</span> <span class='ocrx_word' id='word_1_34' title='bbox 563 1281 657 1322; x_wconf 81' lang='lat' dir='ltr'>Non</span> <span class='ocrx_word' id='word_1_35' title='bbox 696 1281 823 1334; x_wconf 79' lang='lat' dir='ltr'>igitur</span> <span class='ocrx_word' id='word_1_36' title='bbox 858 1283 898 1323; x_wconf 90' lang='lat' dir='ltr'>te</span> <span class='ocrx_word' id='word_1_37' title='bbox 935 1283 1183 1324; x_wconf 84' lang='lat' dir='ltr'>miraturum</span> <span class='ocrx_word' id='word_1_38' title='bbox 1223 1296 1311 1324; x_wconf 89' lang='lat' dir='ltr'>esse</span> <span class='ocrx_word' id='word_1_39' title='bbox 1351 1285 1460 1337; x_wconf 84' lang='lat' dir='ltr'>puto.</span> 
     </span>
     <span class='ocr_line' id='line_1_6' title="bbox 76 1359 1462 1414; baseline 0 -13"><span class='ocrx_word' id='word_1_40' title='bbox 76 1360 206 1402; x_wconf 90' lang='lat' dir='ltr'>lector</span> <span class='ocrx_word' id='word_1_41' title='bbox 234 1360 456 1410; x_wconf 78' lang='lat' dir='ltr'>carissime,</span> <span class='ocrx_word' id='word_1_42' title='bbox 476 1360 554 1401; x_wconf 90' lang='lat' dir='ltr'>hoc</span> <span class='ocrx_word' id='word_1_43' title='bbox 574 1359 810 1400; x_wconf 87' lang='lat' dir='ltr'>tirocinium</span> <span class='ocrx_word' id='word_1_44' title='bbox 833 1371 974 1400; x_wconf 89' lang='lat' dir='ltr'>meum</span> <span class='ocrx_word' id='word_1_45' title='bbox 1000 1359 1048 1400; x_wconf 88' lang='lat' dir='ltr'>de</span> <span class='ocrx_word' id='word_1_46' title='bbox 1072 1359 1316 1414; x_wconf 82' lang='lat' dir='ltr'>Supplicum</span> <span class='ocrx_word' id='word_1_47' title='bbox 1336 1361 1462 1401; x_wconf 90' lang='lat' dir='ltr'>inter-</span> 
     </span>
     <span class='ocr_line' id='line_1_7' title="bbox 76 1435 1462 1491; baseline 0.001 -15"><span class='ocrx_word' id='word_1_48' title='bbox 76 1435 373 1489; x_wconf 87' lang='lat' dir='ltr'>polationibus.</span> <span class='ocrx_word' id='word_1_49' title='bbox 398 1449 531 1490; x_wconf 79' lang='lat' dir='ltr'>agere,</span> <span class='ocrx_word' id='word_1_50' title='bbox 577 1437 726 1491; x_wconf 88' lang='lat' dir='ltr'>quippe</span> <span class='ocrx_word' id='word_1_51' title='bbox 770 1449 896 1490; x_wconf 85' lang='lat' dir='ltr'>quam</span> <span class='ocrx_word' id='word_1_52' title='bbox 938 1437 1126 1478; x_wconf 85' lang='lat' dir='ltr'>fabulam</span> <span class='ocrx_word' id='word_1_53' title='bbox 1168 1437 1278 1479; x_wconf 87' lang='lat' dir='ltr'>inter</span> <span class='ocrx_word' id='word_1_54' title='bbox 1319 1450 1462 1478; x_wconf 87' lang='lat' dir='ltr'>omnes</span> 
     </span>
     <span class='ocr_line' id='line_1_8' title="bbox 77 1512 1462 1567; baseline 0.001 -14"><span class='ocrx_word' id='word_1_55' title='bbox 77 1512 286 1567; x_wconf 86' lang='lat' dir='ltr'>Euripidis</span> <span class='ocrx_word' id='word_1_56' title='bbox 316 1514 559 1567; x_wconf 80' lang='lat' dir='ltr'>tragoedias,</span> <span class='ocrx_word' id='word_1_57' title='bbox 581 1526 685 1567; x_wconf 88' lang='lat' dir='ltr'>quae</span> <span class='ocrx_word' id='word_1_58' title='bbox 708 1514 760 1555; x_wconf 91' lang='lat' dir='ltr'>ad</span> <span class='ocrx_word' id='word_1_59' title='bbox 779 1527 854 1555; x_wconf 91' lang='lat' dir='ltr'>nos</span> <span class='ocrx_word' id='word_1_60' title='bbox 875 1515 1057 1556; x_wconf 89' lang='lat' dir='ltr'>aetatem</span> <span class='ocrx_word' id='word_1_61' title='bbox 1076 1514 1259 1565; x_wconf 90' lang='lat' dir='ltr'>tulerint,</span> <span class='ocrx_word' id='word_1_62' title='bbox 1282 1514 1462 1555; x_wconf 80' lang='lat' dir='ltr'>maxime</span> 
     </span>
     <span class='ocr_line' id='line_1_9' title="bbox 78 1589 1461 1646; baseline 0 -14"><span class='ocrx_word' id='word_1_63' title='bbox 78 1589 396 1645; x_wconf 88' lang='lat' dir='ltr'>foedissimeque</span> <span class='ocrx_word' id='word_1_64' title='bbox 417 1592 803 1646; x_wconf 76' lang='lat' dir='ltr'>interpolationibus</span> <span class='ocrx_word' id='word_1_65' title='bbox 821 1593 1010 1645; x_wconf 78' lang='lat' dir='ltr'>squalere</span> <span class='ocrx_word' id='word_1_66' title='bbox 1025 1592 1218 1633; x_wconf 89' lang='lat' dir='ltr'>omnibus</span> <span class='ocrx_word' id='word_1_67' title='bbox 1231 1592 1378 1633; x_wconf 89' lang='lat' dir='ltr'>notum</span> <span class='ocrx_word' id='word_1_68' title='bbox 1396 1591 1461 1633; x_wconf 87' lang='lat' dir='ltr'>sit.</span> 
     </span>
    </p>

    <p class='ocr_par' dir='ltr' id='par_1_2' title="bbox 78 1668 1464 1801">
     <span class='ocr_line' id='line_1_10' title="bbox 210 1668 1464 1724; baseline -0.001 -14"><span class='ocrx_word' id='word_1_69' title='bbox 210 1668 460 1722; x_wconf 83' lang='lat' dir='ltr'>Priusquam</span> <span class='ocrx_word' id='word_1_70' title='bbox 492 1672 633 1711; x_wconf 82' lang='lat' dir='ltr'>autem</span> <span class='ocrx_word' id='word_1_71' title='bbox 663 1670 714 1711; x_wconf 87' lang='lat' dir='ltr'>ad</span> <span class='ocrx_word' id='word_1_72' title='bbox 744 1670 877 1724; x_wconf 81' lang='lat' dir='ltr'>ipsam</span> <span class='ocrx_word' id='word_1_73' title='bbox 909 1671 1192 1723; x_wconf 87' lang='lat' dir='ltr'>quaestionem</span> <span class='ocrx_word' id='word_1_74' title='bbox 1217 1669 1464 1718; x_wconf 80' lang='lat' dir='ltr'>accedimus,</span> 
     </span>
     <span class='ocr_line' id='line_1_11' title="bbox 78 1748 835 1801; baseline 0.001 -14"><span class='ocrx_word' id='word_1_75' title='bbox 78 1758 214 1799; x_wconf 85' lang='lat' dir='ltr'>pauca</span> <span class='ocrx_word' id='word_1_76' title='bbox 239 1748 358 1789; x_wconf 88' lang='lat' dir='ltr'>nobis</span> <span class='ocrx_word' id='word_1_77' title='bbox 388 1748 695 1801; x_wconf 86' lang='lat' dir='ltr'>praemonenda</span> <span class='ocrx_word' id='word_1_78' title='bbox 726 1749 835 1789; x_wconf 91' lang='lat' dir='ltr'>sunt.</span> 
     </span>
    </p>

    <p class='ocr_par' dir='ltr' id='par_1_3' title="bbox 80 1824 1473 2722">
     <span class='ocr_line' id='line_1_12' title="bbox 211 1824 1463 1878; baseline -0.001 -12"><span class='ocrx_word' id='word_1_79' title='bbox 211 1826 347 1878; x_wconf 87' lang='lat' dir='ltr'>Atque</span> <span class='ocrx_word' id='word_1_80' title='bbox 366 1825 548 1878; x_wconf 90' lang='lat' dir='ltr'>primum</span> <span class='ocrx_word' id='word_1_81' title='bbox 571 1824 738 1878; x_wconf 89' lang='lat' dir='ltr'>quidem</span> <span class='ocrx_word' id='word_1_82' title='bbox 759 1825 810 1866; x_wconf 86' lang='lat' dir='ltr'>ad</span> <span class='ocrx_word' id='word_1_83' title='bbox 830 1826 958 1866; x_wconf 81' lang='lat' dir='ltr'>taleni</span> <span class='ocrx_word' id='word_1_84' title='bbox 980 1825 1274 1878; x_wconf 88' lang='lat' dir='ltr'>quaestionem,</span> <span class='ocrx_word' id='word_1_85' title='bbox 1296 1824 1463 1877; x_wconf 88' lang='lat' dir='ltr'>qualem</span> 
     </span>
     <span class='ocr_line' id='line_1_13' title="bbox 81 1902 1465 1957; baseline 0 -14"><span class='ocrx_word' id='word_1_86' title='bbox 81 1903 260 1956; x_wconf 80' lang='lat' dir='ltr'>suscepi,</span> <span class='ocrx_word' id='word_1_87' title='bbox 289 1903 395 1945; x_wconf 89' lang='lat' dir='ltr'>bene</span> <span class='ocrx_word' id='word_1_88' title='bbox 425 1903 725 1946; x_wconf 84' lang='lat' dir='ltr'>instituendam</span> <span class='ocrx_word' id='word_1_89' title='bbox 754 1904 937 1945; x_wconf 87' lang='lat' dir='ltr'>multum</span> <span class='ocrx_word' id='word_1_90' title='bbox 965 1904 1101 1945; x_wconf 74' lang='lat' dir='ltr'>valere</span> <span class='ocrx_word' id='word_1_91' title='bbox 1130 1902 1291 1957; x_wconf 86' lang='lat' dir='ltr'>putavi,</span> <span class='ocrx_word' id='word_1_92' title='bbox 1323 1914 1465 1944; x_wconf 84' lang='lat' dir='ltr'>omnes</span> 
     </span>
     <span class='ocr_line' id='line_1_14' title="bbox 80 1979 1461 2036; baseline -0.001 -15"><span class='ocrx_word' id='word_1_93' title='bbox 80 1992 224 2022; x_wconf 78' lang='lat' dir='ltr'>versus</span> <span class='ocrx_word' id='word_1_94' title='bbox 265 1981 315 2022; x_wconf 89' lang='lat' dir='ltr'>ab</span> <span class='ocrx_word' id='word_1_95' title='bbox 357 1981 493 2034; x_wconf 85' lang='lat' dir='ltr'>aliquo</span> <span class='ocrx_word' id='word_1_96' title='bbox 523 1981 571 2022; x_wconf 88' lang='lat' dir='ltr'>V.</span> <span class='ocrx_word' id='word_1_97' title='bbox 602 1980 639 2023; x_wconf 88' lang='lat' dir='ltr'>d.</span> <span class='ocrx_word' id='word_1_98' title='bbox 682 1994 845 2035; x_wconf 88' lang='lat' dir='ltr'>quoquo</span> <span class='ocrx_word' id='word_1_99' title='bbox 882 1983 1066 2036; x_wconf 89' lang='lat' dir='ltr'>tempore</span> <span class='ocrx_word' id='word_1_100' title='bbox 1106 1981 1148 2021; x_wconf 86' lang='lat' dir='ltr'>et</span> <span class='ocrx_word' id='word_1_101' title='bbox 1178 1992 1341 2033; x_wconf 89' lang='lat' dir='ltr'>quoquo</span> <span class='ocrx_word' id='word_1_102' title='bbox 1369 1979 1461 2020; x_wconf 91' lang='lat' dir='ltr'>loco</span> 
     </span>
     <span class='ocr_line' id='line_1_15' title="bbox 81 2055 1467 2113; baseline -0.003 -13"><span class='ocrx_word' id='word_1_103' title='bbox 81 2060 130 2100; x_wconf 92' lang='lat' dir='ltr'>ut</span> <span class='ocrx_word' id='word_1_104' title='bbox 160 2059 320 2113; x_wconf 89' lang='lat' dir='ltr'>spurios</span> <span class='ocrx_word' id='word_1_105' title='bbox 348 2060 514 2101; x_wconf 89' lang='lat' dir='ltr'>notatos</span> <span class='ocrx_word' id='word_1_106' title='bbox 544 2059 770 2113; x_wconf 83' lang='lat' dir='ltr'>collegisse,</span> <span class='ocrx_word' id='word_1_107' title='bbox 799 2060 859 2102; x_wconf 86' lang='lat' dir='ltr'>ita</span> <span class='ocrx_word' id='word_1_108' title='bbox 888 2062 936 2102; x_wconf 89' lang='lat' dir='ltr'>ut</span> <span class='ocrx_word' id='word_1_109' title='bbox 966 2071 1120 2109; x_wconf 83' lang='grc'>01111168,</span> <span class='ocrx_word' id='word_1_110' title='bbox 1151 2058 1356 2111; x_wconf 89' lang='lat' dir='ltr'>quantum</span> <span class='ocrx_word' id='word_1_111' title='bbox 1378 2055 1467 2109; x_wconf 89' lang='lat' dir='ltr'>qui-</span> 
     </span>
     <span class='ocr_line' id='line_1_16' title="bbox 83 2134 1467 2191; baseline -0.002 -14"><span class='ocrx_word' id='word_1_112' title='bbox 83 2135 178 2178; x_wconf 91' lang='lat' dir='ltr'>dem</span> <span class='ocrx_word' id='word_1_113' title='bbox 206 2137 300 2187; x_wconf 88' lang='lat' dir='ltr'>scio,</span> <span class='ocrx_word' id='word_1_114' title='bbox 332 2137 525 2179; x_wconf 89' lang='lat' dir='ltr'>collectos</span> <span class='ocrx_word' id='word_1_115' title='bbox 555 2149 621 2178; x_wconf 90' lang='lat' dir='ltr'>me</span> <span class='ocrx_word' id='word_1_116' title='bbox 659 2138 734 2178; x_wconf 89' lang='lat' dir='ltr'>tibi</span> <span class='ocrx_word' id='word_1_117' title='bbox 770 2137 967 2191; x_wconf 88' lang='lat' dir='ltr'>praebere</span> <span class='ocrx_word' id='word_1_118' title='bbox 997 2147 1245 2190; x_wconf 86' lang='lat' dir='ltr'>persuasum</span> <span class='ocrx_word' id='word_1_119' title='bbox 1273 2134 1467 2175; x_wconf 86' lang='lat' dir='ltr'>habeam.</span> 
     </span>
     <span class='ocr_line' id='line_1_17' title="bbox 84 2213 1466 2271; baseline -0.001 -16"><span class='ocrx_word' id='word_1_120' title='bbox 84 2213 167 2255; x_wconf 81' lang='lat' dir='ltr'>Sed</span> <span class='ocrx_word' id='word_1_121' title='bbox 193 2227 246 2256; x_wconf 92' lang='lat' dir='ltr'>ne</span> <span class='ocrx_word' id='word_1_122' title='bbox 277 2217 499 2268; x_wconf 61' lang='lat' dir='ltr'>exspectes</span> <span class='ocrx_word' id='word_1_123' title='bbox 529 2228 595 2258; x_wconf 91' lang='lat' dir='ltr'>me</span> <span class='ocrx_word' id='word_1_124' title='bbox 616 2217 769 2271; x_wconf 89' lang='lat' dir='ltr'>scripta</span> <span class='ocrx_word' id='word_1_125' title='bbox 790 2218 830 2257; x_wconf 82' lang='lat' dir='ltr'>et</span> <span class='ocrx_word' id='word_1_126' title='bbox 851 2213 1170 2267; x_wconf 80' lang='lat' dir='ltr'>scriptiuncula-s</span> <span class='ocrx_word' id='word_1_127' title='bbox 1190 2224 1334 2254; x_wconf 91' lang='lat' dir='ltr'>omnes</span> <span class='ocrx_word' id='word_1_128' title='bbox 1353 2224 1466 2253; x_wconf 90' lang='lat' dir='ltr'>nunc</span> 
     </span>
     <span class='ocr_line' id='line_1_18' title="bbox 84 2288 1467 2346; baseline -0.002 -13"><span class='ocrx_word' id='word_1_129' title='bbox 84 2293 424 2334; x_wconf 87' lang='lat' dir='ltr'>enumeraturum</span> <span class='ocrx_word' id='word_1_130' title='bbox 454 2305 562 2334; x_wconf 90' lang='lat' dir='ltr'>esse:</span> <span class='ocrx_word' id='word_1_131' title='bbox 594 2306 668 2335; x_wconf 90' lang='lat' dir='ltr'>suo</span> <span class='ocrx_word' id='word_1_132' title='bbox 699 2305 861 2346; x_wconf 87' lang='lat' dir='ltr'>quoque</span> <span class='ocrx_word' id='word_1_133' title='bbox 892 2293 981 2333; x_wconf 92' lang='lat' dir='ltr'>loco</span> <span class='ocrx_word' id='word_1_134' title='bbox 1001 2304 1143 2333; x_wconf 89' lang='lat' dir='ltr'>omnes</span> <span class='ocrx_word' id='word_1_135' title='bbox 1163 2289 1363 2332; x_wconf 77' lang='lat' dir='ltr'>invenias.</span> <span class='ocrx_word' id='word_1_136' title='bbox 1404 2288 1467 2330; x_wconf 93' lang='lat' dir='ltr'>De</span> 
     </span>
     <span class='ocr_line' id='line_1_19' title="bbox 85 2366 1468 2412; baseline -0.003 -1"><span class='ocrx_word' id='word_1_137' title='bbox 85 2369 333 2412; x_wconf 86' lang='lat' dir='ltr'>editionibus</span> <span class='ocrx_word' id='word_1_138' title='bbox 375 2371 516 2411; x_wconf 86' lang='lat' dir='ltr'>autem</span> <span class='ocrx_word' id='word_1_139' title='bbox 557 2383 581 2411; x_wconf 90' lang='lat' dir='ltr'>a</span> <span class='ocrx_word' id='word_1_140' title='bbox 621 2383 688 2412; x_wconf 92' lang='lat' dir='ltr'>me</span> <span class='ocrx_word' id='word_1_141' title='bbox 731 2369 926 2411; x_wconf 87' lang='lat' dir='ltr'>adhibitis</span> <span class='ocrx_word' id='word_1_142' title='bbox 968 2368 1183 2410; x_wconf 84' lang='lat' dir='ltr'>certiorem</span> <span class='ocrx_word' id='word_1_143' title='bbox 1223 2370 1265 2409; x_wconf 92' lang='lat' dir='ltr'>te</span> <span class='ocrx_word' id='word_1_144' title='bbox 1299 2366 1468 2408; x_wconf 84' lang='lat' dir='ltr'>reddere</span> 
     </span>
     <span class='ocr_line' id='line_1_20' title="bbox 84 2445 1469 2500; baseline -0.001 -12"><span class='ocrx_word' id='word_1_145' title='bbox 84 2447 221 2488; x_wconf 89' lang='lat' dir='ltr'>liceat.</span> <span class='ocrx_word' id='word_1_146' title='bbox 281 2445 388 2487; x_wconf 83' lang='lat' dir='ltr'>Sunt</span> <span class='ocrx_word' id='word_1_147' title='bbox 418 2446 528 2488; x_wconf 90' lang='lat' dir='ltr'>enim</span> <span class='ocrx_word' id='word_1_148' title='bbox 557 2447 659 2489; x_wconf 86' lang='lat' dir='ltr'>hae:</span> <span class='ocrx_word' id='word_1_149' title='bbox 691 2446 894 2500; x_wconf 88' lang='lat' dir='ltr'>imprimis</span> <span class='ocrx_word' id='word_1_150' title='bbox 923 2447 1050 2488; x_wconf 89' lang='lat' dir='ltr'>totius</span> <span class='ocrx_word' id='word_1_151' title='bbox 1081 2445 1469 2488; x_wconf 86' lang='lat' dir='ltr'>dissertatiunculae</span> 
     </span>
     <span class='ocr_line' id='line_1_21' title="bbox 84 2523 1470 2578; baseline -0.001 -13"><span class='ocrx_word' id='word_1_152' title='bbox 84 2536 201 2565; x_wconf 87' lang='lat' dir='ltr'>meae</span> <span class='ocrx_word' id='word_1_153' title='bbox 245 2523 363 2576; x_wconf 88' lang='lat' dir='ltr'>quasi</span> <span class='ocrx_word' id='word_1_154' title='bbox 404 2523 676 2566; x_wconf 88' lang='lat' dir='ltr'>fundamento</span> <span class='ocrx_word' id='word_1_155' title='bbox 706 2525 825 2565; x_wconf 75' lang='lat' dir='ltr'>nixus</span> <span class='ocrx_word' id='word_1_156' title='bbox 863 2537 956 2565; x_wconf 89' lang='lat' dir='ltr'>sum</span> <span class='ocrx_word' id='word_1_157' title='bbox 984 2523 1196 2565; x_wconf 83' lang='lat' dir='ltr'>Analectis</span> <span class='ocrx_word' id='word_1_158' title='bbox 1226 2523 1470 2578; x_wconf 85' lang='lat' dir='ltr'>Euripideis,</span> 
     </span>
     <span class='ocr_line' id='line_1_22' title="bbox 86 2601 1470 2656; baseline -0.001 -13"><span class='ocrx_word' id='word_1_159' title='bbox 86 2615 190 2656; x_wconf 88' lang='lat' dir='ltr'>quae</span> <span class='ocrx_word' id='word_1_160' title='bbox 212 2601 457 2655; x_wconf 84' lang='lat' dir='ltr'>Supplicum</span> <span class='ocrx_word' id='word_1_161' title='bbox 487 2601 674 2643; x_wconf 85' lang='lat' dir='ltr'>fabulam</span> <span class='ocrx_word' id='word_1_162' title='bbox 705 2603 757 2643; x_wconf 86' lang='lat' dir='ltr'>ad</span> <span class='ocrx_word' id='word_1_163' title='bbox 787 2602 970 2642; x_wconf 85' lang='lat' dir='ltr'>codicem</span> <span class='ocrx_word' id='word_1_164' title='bbox 993 2601 1264 2654; x_wconf 81' lang='lat' dir='ltr'>archetypum</span> <span class='ocrx_word' id='word_1_165' title='bbox 1284 2601 1470 2654; x_wconf 85' lang='lat' dir='ltr'>recogni-</span> 
     </span>
     <span class='ocr_line' id='line_1_23' title="bbox 85 2679 1473 2722; baseline 0.001 -2"><span class='ocrx_word' id='word_1_166' title='bbox 85 2681 174 2720; x_wconf 88' lang='lat' dir='ltr'>tam</span> <span class='ocrx_word' id='word_1_167' title='bbox 203 2679 458 2721; x_wconf 90' lang='lat' dir='ltr'>continentia</span> <span class='ocrx_word' id='word_1_168' title='bbox 500 2679 627 2720; x_wconf 86' lang='lat' dir='ltr'>edidit</span> <span class='ocrx_word' id='word_1_169' title='bbox 655 2679 878 2722; x_wconf 88' lang='lat' dir='ltr'>Udalricus</span> <span class='ocrx_word' id='word_1_170' title='bbox 909 2680 958 2721; x_wconf 88' lang='lat' dir='ltr'>de</span> <span class='ocrx_word' id='word_1_171' title='bbox 986 2679 1473 2721; x_wconf 73' lang='lat' dir='ltr'>Wilamowitz-Mollen-</span> 
     </span>
    </p>
   </div>
   <div class='ocr_carea' id='block_1_2' title="bbox 87 2755 1470 2866">
    <p class='ocr_par' dir='ltr' id='par_1_4' title="bbox 87 2755 1470 2866">
     <span class='ocr_line' id='line_1_24' title="bbox 87 2755 1470 2808; baseline -0.001 -10"><span class='ocrx_word' id='word_1_172' title='bbox 87 2756 239 2798; x_wconf 89' lang='lat' dir='ltr'>dorfius</span> <span class='ocrx_word' id='word_1_173' title='bbox 271 2755 471 2808; x_wconf 75' lang='lat' dir='ltr'>(Berolini</span> <span class='ocrx_word' id='word_1_174' title='bbox 495 2756 632 2807; x_wconf 80' lang='lat'>1875).</span> <span class='ocrx_word' id='word_1_175' title='bbox 690 2756 910 2799; x_wconf 86' lang='lat' dir='ltr'>Praeterea</span> <span class='ocrx_word' id='word_1_176' title='bbox 940 2756 1109 2798; x_wconf 89' lang='lat' dir='ltr'>adhibui</span> <span class='ocrx_word' id='word_1_177' title='bbox 1139 2756 1339 2799; x_wconf 89' lang='lat' dir='ltr'>editiones</span> <span class='ocrx_word' id='word_1_178' title='bbox 1368 2757 1470 2798; x_wconf 86' lang='lat' dir='ltr'>has:</span> 
     </span>
     <span class='ocr_line' id='line_1_25' title="bbox 1223 2832 1267 2866; baseline 0 -20"><span class='ocrx_word' id='word_1_179' title='bbox 1223 2832 1267 2866; x_wconf 58' lang='lat'>1222</span> 
     </span>
    </p>
   </div>
  </div>
 </body>
</html>
