1743 3163
770 245 821 286 15

105 376 233 428 Ζητεῖ
256 371 340 415 κτὲ.
399 373 490 426 Quo
520 375 661 416 tamen
691 377 872 430 tempore
896 378 1187 429 argumentum
1205 378 1376 425 illudde
1395 379 1478 420 vita

99 452 288 493 humana
305 452 411 494 bene
431 453 626 495 instituta
647 466 668 494 a
687 454 903 507 permultis
925 455 1182 496 tractabatur
1200 455 1477 508 (cfiWaguem

103 531 152 572 de
181 531 434 573 Mosehionis
462 532 547 572 vita
577 534 653 573 ete.
711 533 876 573 Vratisl.
912 533 1013 574 1846
1048 547 1084 586 p.
1115 533 1206 583 223,
1247 536 1337 575 tum
1368 534 1481 575 facil-

102 609 201 650 lime
231 608 320 650 fieri
348 610 500 663 potuit,
537 612 583 651 ut
612 611 689 651 hoe
720 623 881 663 quoque
918 611 1006 651 1000
1045 611 1140 652 talis
1171 611 1297 652 oratio
1329 613 1400 652 aut
1430 611 1479 652 ad

101 687 354 728 sententiam
394 687 511 728 illam
555 699 818 728 Communem
862 684 923 727 ἀεὶ
953 686 1160 741 φρόνησις
1189 686 1272 729 κτὲ.
1316 701 1361 730 ex
1403 689 1481 730 alia

101 765 245 807 fabula
275 764 595 814 adscriberetur,
634 766 705 805 aut
735 764 784 804 ab
821 763 986 805 homine
1015 764 1151 805 neseio
1183 777 1261 817 quo
1303 765 1483 819 adfinge-

103 843 224 883 reter.
284 840 497 894 Originem
529 842 669 882 autem
698 841 959 894 potissimum
990 839 1169 881 indicare
1198 841 1300 882 mihi
1323 842 1483 883 videtur

103 919 271 961 initium
299 919 577 961 rhetOrieum:

366 995 530 1039 ἄλλοισι
559 995 610 1050 δὴ
636 994 802 1049 ’πόνησ’
836 995 1079 1050 ἁμιλληθεὶς
1108 995 1221 1053 λόγῳ

366 1072 534 1133 τοιῷδ’·
567 1074 700 1124 ἔλεξε
730 1074 826 1129 γάρ
854 1091 930 1124 τις
961 1073 1042 1115 ure.

237 1152 353 1194 Adde
392 1153 500 1205 quod
535 1153 674 1194 nescio
706 1165 757 1193 an
793 1155 902 1193 reete
927 1152 1175 1205 judicaverit
1205 1153 1360 1194 11611161·
1388 1154 1413 1194 1.
1444 1154 1483 1202 1.,

104 1229 357 1285 κατασκευή,
400 1231 508 1284 quod
543 1231 719 1283 legimus
750 1244 785 1271 v.
817 1231 908 1279 5214,
950 1243 1032 1271 11011
1073 1233 1160 1271 tam
1185 1243 1352 1284 poeseos
1387 1243 1486 1280 esse,

110 1322 237 1363 quam
267 1309 468 1351 sermonis
497 1309 713 1362 pedestris.
771 1309 911 1349 Etiam
942 1309 1040 1349 artis
1070 1308 1275 1348 manticae
1305 1307 1487 1347 laudatio

105 1389 327 1430 imitatoris
356 1388 492 1441 potius
521 1387 717 1440 Aeschyli
748 1385 816 1438 (cf.
838 1384 1225 1435 Pr01n.43‹3—-506)
1258 1396 1345 1424 esse
1377 1383 1486 1424 vide-

106 1467 185 1517 tur,
216 1478 342 1519 quam
370 1465 578 1519 Euripidis
609 1464 659 1505 ef.
690 1464 781 1517 1ph.
812 1463 948 1504 Aulid.
994 1462 1053 1503 ed.
1083 1461 1318 1512 thhaber,
1350 1460 1486 1501 adnot.

109 1545 173 1586 ad.
205 1558 242 1586 v.
273 1545 367 1587 515.

239 1622 438 1663 Versibus
478 1622 618 1661 autem
657 1619 738 1659 illis
782 1618 955 1659 sublatis
993 1617 1144 1670 optime
1183 1615 1232 1656 ad
1263 1627 1350 1655 rem
1378 1616 1489 1655 tran-

111 1699 216 1741 situr
245 1699 456 1740 simillima
485 1698 654 1747 ratione,
685 1708 765 1748 qua
795 1709 828 1737 e.
860 1709 917 1748 gr.
949 1695 1055 1736 Med.
1087 1695 1180 1736 583.

243 1857 287 1910 2)
319 1857 417 1912 Ipsa
445 1856 600 1896 Aethra
630 1852 932 1894 infelicissimas
950 1852 1121 1904 Argivas
1150 1850 1342 1891 mulieres
1371 1860 1488 1902 opera

113 1948 190 1978 sua
213 1935 347 1989 juvat.
407 1933 535 1986 Cujus
565 1933 608 1972 in
639 1931 819 1972 oratione
849 1930 952 1969 haee
980 1928 1176 1980 legimus:

244 2010 326 2066 ἐγὼ
358 2009 402 2053 δέ
433 2007 467 2053 6⁷
500 2003 532 2051 ὦ
562 2012 650 2061 παῖ,
681 2012 828 2062 πρῶτα
857 2005 933 2059 μὲν
962 2003 1013 2046 τὰ
1043 2009 1127 2046 τῶν
1156 2007 1270 2045 θεῶν

245 2093 419 2132 σκοπεῖν
447 2085 618 2139 κελεύω,
648 2084 704 2139 μὴ
736 2086 900 2139 σφαλῇς
931 2081 1150 2135 ἀτιμάσας·

114 2167 214 2209 303:
244 2166 422 2222 σφάλλει
438 2167 468 2217 ¹)
498 2162 582 2218 γὰρ
612 2162 657 2205 ἐν
686 2160 825 2219 τούτῳ
855 2159 987 2216 μόνῳ,
1018 2155 1127 2200 τᾶλλ’
1161 2151 1207 2198 εὖ
1239 2159 1424 2208 φρονῶν.

244 2246 424 2287 Versum
453 2243 533 2284 303
572 2242 715 2283 eontra
749 2240 884 2291 legem
913 2235 1191 2289 rhythmicam
1222 2233 1270 2273 ab
1302 2230 1494 2284 Euripide

115 2322 346 2364 adhibitam
386 2332 571 2375 pugnare
611 2319 768 2372 primus
818 2313 1050 2357 observavit
1089 2310 1330 2363 Elmslejus,
1373 2308 1442 2361 qui
1460 2308 1494 2357 2)

113 2400 251 2454 legem
280 2400 397 2441 illam
425 2399 539 2440 hisee
568 2396 703 2439 verbis
734 2393 968 2436 constituit:
1000 2390 1156 2441 „When
1184 2388 1255 2429 the
1284 2385 1394 2427 third
1413 2384 1497 2426 foot

117 2476 162 2519 of
187 2489 212 2519 a
238 2477 372 2531 tragio
401 2475 586 2520 senarius
627 2475 662 2516 is
704 2470 922 2515 contained
961 2469 1003 2509 in
1049 2479 1123 2508 one
1164 2463 1273 2506 word
1312 2461 1392 2504 and
1422 2461 1492 2502 the

250 2655 279 2698 1)
305 2654 403 2690 codd.
428 2653 575 2688 tradunt
600 2648 754 2695 σφάλης,
779 2646 872 2692 quod
894 2643 984 2679 nihil
1007 2644 1070 2677 est.

248 2722 278 2765 2)
300 2721 438 2756 Review
469 2719 504 2754 of
533 2716 739 2752 Hermann's
771 2713 960 2757 Suprssiccs.
997 2709 1079 2743 edit.
1109 2706 1201 2750 Lips.
1236 2703 1431 2738 Marklandi
1463 2713 1498 2746 p.

117 2790 184 2826 236
207 2801 282 2835 sqq.
