1743 3163
355 334 601 376 Rectissime
632 335 783 387 ejectos
814 347 902 376 esse
931 336 1031 389 puto
1060 348 1142 378 vss.
1166 335 1357 379 594—97
1380 349 1403 378 a
1423 337 1467 379 C.
1486 338 1531 379 F.
1554 337 1604 380 G.

224 412 455 454 Schliaekio
484 412 527 452 in
558 412 855 463 dissertatione,
887 425 1012 465 quam
1043 413 1207 467 scripsit
1237 413 1285 455 de
1315 415 1415 456 locis
1437 416 1606 468 quibus-

223 490 319 531 dam
347 490 579 544 Euripideis
613 491 753 544 (Helle
776 491 883 533 1874
906 505 945 544 p.
967 490 1049 543 33).
1108 492 1291 533 Theseus
1322 493 1433 534 enim
1464 494 1606 534 contra

221 567 438 610 Thebanos
477 568 702 610 exercitum
733 569 931 610 ducturus
961 569 1187 610 Adrastum
1216 572 1264 611 ut
1291 572 1506 613 remaneat
1536 572 1606 612 ad-

220 648 386 688 monet:
416 647 547 697 „nolle
579 647 689 689 enim
720 660 762 689 se
792 648 905 689 illius
935 648 1021 689 fata
1040 648 1125 689 suis
1150 649 1376 700 admisceri,
1407 650 1478 691 sed
1509 663 1605 691 cum

221 738 294 766 suo
324 725 495 767 numine
526 738 568 767 se
598 725 879 780 profecturum
910 728 951 767 et
979 728 1264 779 pugnaturum
1295 740 1383 769 esse
1422 728 1605 782 praeela-

219 816 313 844 rum
341 803 383 843 in
413 803 565 856 proelio
595 804 842 856 praeclar0.⁴‘
901 803 1142 856 Sequuntur
1170 817 1314 846 versus
1344 804 1405 845 hi:

274 881 377 922 594:
418 878 513 930 ἑνὸς
541 879 679 934 μόνου
709 881 783 935 δεῖ,
808 883 836 932 ¹)
867 880 968 930 τοὺς
998 881 1130 931 θεοὺς
1161 880 1282 936 ἔχειν,
1313 881 1408 924 ὅσοι

417 958 541 1011 δίκην
571 956 791 1011 σέβονται·
822 963 958 1000 ταῦτα
988 958 1071 1014 γὰρ
1103 956 1274 1009 ξυνόνθ’
1308 957 1418 1012 ὁμοῦ

416 1035 541 1089 νίκην
571 1035 771 1077 δίδωσιν·
803 1035 931 1090 ἁρετὴ
961 1034 996 1077 δ’
1029 1034 1157 1078 οὐδὲν
1186 1034 1303 1091 φέρει

416 1116 646 1168 βροτοῖσιν,
677 1112 729 1167 ἢν
760 1113 816 1167 μὴ
845 1113 922 1155 τὸν
952 1113 1059 1155 θεὸν
1088 1111 1278 1169 χρῄζοντ’
1313 1112 1399 1169 ἔχῃ.

353 1192 569 1234 Graviores
601 1194 741 1234 autem
773 1192 994 1233 Schliaekii
1023 1193 1202 1235 rationes
1232 1194 1310 1235 hae
1342 1195 1458 1235 sunt:
1488 1195 1604 1247 „post

217 1282 255 1309 v.
286 1268 368 1310 593
396 1270 501 1311 1111111
532 1271 711 1325 amplius
743 1271 1016 1322 desideratur,
1048 1272 1119 1313 sed
1150 1273 1285 1325 gravis
1315 1272 1356 1313 et
1387 1270 1603 1324 splendida

219 1348 260 1389 et
289 1348 400 1390 omni
431 1361 479 1390 ex
507 1351 623 1402 parte
654 1351 777 1403 plena
808 1351 871 1391 est
900 1350 1003 1391 haec
1032 1350 1254 1403 peroratio:

417 1425 498 1480 ἐγὼ
528 1427 612 1481 γὰρ
641 1428 844 1481 δαίμονος
873 1425 1036 1482 τούμοῦ
1066 1426 1169 1481 μέτα

416 1502 746 1558 στρατηλατήσω
775 1504 939 1555 κλεινὸς
970 1504 1015 1547 ἐν
1045 1508 1194 1562 κλεινῷ
1225 1504 1333 1559 δορί.

348 1582 508 1623 Deinde
539 1582 821 1636 inexspectato
850 1585 1003 1626 iterum
1034 1585 1083 1627 de
1105 1583 1182 1626 diis
1202 1597 1336 1625 sermo
1358 1583 1601 1634 instituitur,

217 1663 438 1715 postquam
469 1660 518 1702 de
550 1661 685 1703 divino
717 1663 867 1704 auxilio
891 1664 981 1717 ‚J'am
1018 1663 1118 1705 dixit
1146 1663 1330 1704 Theseus
1362 1662 1404 1703 in
1433 1663 1482 1704 iis
1514 1675 1603 1704 ver-

218 1740 348 1791 sibus,
380 1752 482 1793 quos
513 1741 651 1791 attuli,
683 1742 723 1782 et
754 1742 922 1794 quidem
951 1744 1010 1784 ita
1038 1742 1288 1792 instituitur,
1331 1741 1449 1794 quasi
1479 1742 1602 1782 antea

216 1819 324 1860 hanc
362 1830 451 1859 rem
492 1819 657 1860 omnino
699 1831 781 1860 non
810 1820 1008 1872 tetigerit,
1053 1833 1149 1862 cum
1184 1818 1386 1860 transitus
1427 1818 1502 1859 fiat
1529 1830 1602 1871 per

217 1894 312 1946 ἑνὸς
341 1895 481 1949 μόνου
512 1896 611 1937 δεῖ.“
654 1898 831 1951 Reliqua
862 1911 966 1951 quae
998 1897 1115 1939 affert
1145 1896 1401 1938 Schliaekius
1430 1895 1601 1938 minoris

217 1974 384 2014 tantum
413 1975 614 2015 momenti
647 1987 736 2017 esse
765 1976 869 2017 mihi
898 1975 1102 2017 videntur.
1134 1998 1186 2003 ——

270 2050 368 2092 275:
409 2050 458 2092 ἰώ
489 2066 560 2104 μοι
588 2050 748 2106 λάβετε,
779 2051 937 2109 φέρετε,
970 2051 1162 2107 πέμπετε,
1194 2052 1356 2106 κρίνετε

412 2129 613 2179 ταλαίνας
643 2128 768 2184 χέρας
796 2129 980 2184 γεραιάς.

346 2206 458 2248 Illud
494 2208 658 2260 κρίνετε
695 2209 772 2249 1100
807 2209 896 2250 1000
934 2208 1032 2261 quid
1071 2208 1149 2249 sibi
1182 2208 1283 2249 velit
1318 2220 1439 2249 nemo
1477 2208 1599 2248 intei-

215 2284 336 2336 iegit;
360 2297 484 2337 quare
507 2286 670 2339 scripsit
688 2287 900 2329 Reiskius:
930 2287 1112 2337 κλίνετε,·
1143 2287 1171 2329 J
1174 2287 1363 2328 acobsius
1383 2287 1426 2327 in
1446 2287 1598 2337 libello,

216 2361 281 2402 cui
310 2374 461 2403 nomen
491 2363 708 2417 imposuit:
752 2365 963 2417 specimen
994 2365 1331 2406 emendationum
1360 2365 1402 2405 in
1435 2365 1598 2406 autores

214 2440 373 2480 veteres
395 2440 572 2491 (Goth-ae
594 2441 738 2494 1786):
769 2440 941 2497 κρούετε
950 2460 964 2492 ,·
994 2443 1302 2496 Wiesele1·(Ph.
1320 2443 1455 2498 VHp.
1474 2444 1596 2495 747):

214 2513 382 2569 πέμπετ’
415 2514 613 2570 ὀτρύνετε
624 2535 639 2569 ;
672 2519 740 2560 alii
771 2520 852 2561 alia
882 2521 1158 2574 conjecerunt.
1216 2522 1344 2563 Recte
1378 2523 1517 2563 autem
1549 2520 1595 2563 G.

346 2669 374 2710 1)
399 2680 416 2703 e
439 2669 647 2705 Kirchhosfii
672 2674 707 2706 et
730 2673 881 2709 Nauck-ii
907 2675 1127 2719 conjecturis.
1176 2674 1317 2709 Codices
1341 2675 1524 2718 praebent:
1553 2672 1596 2710 ἓν

215 2737 269 2771 δεῖ,
294 2737 410 2781 μόνον
435 2749 507 2782 μοι.
