1743 3163
755 247 831 311 61β

282 379 466 431 πολλοὺς
497 379 533 422 δ’
567 380 747 436 ἐραστὰς
777 379 888 423 κάπὸ
919 384 1104 435 θηλειῶν
1134 378 1242 434 ἔχων

283 462 427 513 σοφῶς
457 456 657 513 ἐφρούρει
686 456 821 512 μηδὲν
852 456 1168 512 ἐξαμαρτάνειν.

217 537 419 579 Adrastus
448 537 606 578 Theseo
648 536 879 589 obsequens
921 549 973 577 ne
1014 537 1170 578 matres
1214 538 1472 578 mortum-um

85 617 270 669 reliquiis
300 615 461 657 tumulo
492 614 716 656 inferendis
747 615 942 656 adessent
971 615 1159 656 monenti
1188 615 1290 656 haec
1322 614 1436 655 ‹lit-it:

142 696 245 738 947:
282 698 428 752 νικᾷς·
460 689 600 745 μένειν
630 691 710 746 χρὴ
740 690 974 746 τλημόνως,
1005 689 1114 745 λέγει
1143 691 1226 747 γὰρ
1257 686 1304 733 εὖ

291 769 479 825 Θησεύς·
513 768 618 812 ὅταν
649 769 693 813 δὲ
726 769 874 821 τούςδε
905 773 1160 824 προςθῶμεν
1189 770 1306 825 πυρί,

286 847 392 890 ὀστᾶ
422 846 676 903 προςάξεσθ’
696 861 704 870 ·
738 846 768 890 ἒ.

219 927 270 968 Ι11
299 926 365 967 his
394 926 581 967 versibus
613 927 783 968 offendit
811 925 915 967 illud
945 924 1166 979 τλημόνως
1196 922 1336 978 μένειν
1373 923 1476 964 mire

89 1006 248 1047 <lictum
277 1016 350 1058 pro
379 1003 586 1056 patienter
616 1006 865 1058 exspectare.
924 1002 1090 1043 Primus
1120 1002 1319 1043 haerebat
1337 1001 1478 1042 Blom-

88 1082 251 1124 fieldius
282 1080 406 1134 (Mus.
438 1081 526 1122 crit.
558 1079 601 1121 Π
631 1094 669 1135 p.
706 1082 819 1131 1823),
850 1081 920 1134 qui
950 1093 1021 1134 pro
1052 1078 1272 1132 τλημόνως
1304 1079 1479 1132 conjecit

86 1158 299 1213 τλήμονας
307 1175 321 1208 ,·
355 1158 405 1199 N.
427 1160 567 1199 autem
588 1158 650 1209 (in
671 1158 765 1199 adn.
788 1158 839 1199 ad
856 1157 1017 1211 Suppl.)
1040 1157 1165 1198 verba
1185 1154 1325 1209 μένειν
1348 1170 1477 1210 usque

90 1237 142 1278 ad
176 1234 340 1290 Θησεύς
379 1238 427 1277 ut
466 1236 604 1289 spuria
645 1235 808 1278 delevit.
879 1235 1033 1277 Contra
1076 1236 1296 1286 utramque
1338 1234 1478 1273 tamen

90 1313 371 1367 conjecturam
400 1313 536 1354 valere
566 1313 669 1354 mihi
690 1313 861 1362 videtur,
883 1312 991 1365 quod
1005 1310 1316 1352 Heimsoethius
1338 1311 1479 1351 contra

92 1392 227 1434 solum
256 1391 307 1432 N.
339 1391 482 1431 monet
512 1390 581 1441 (cf.
613 1389 704 1430 Ind.
736 1390 763 1430 1.
796 1392 894 1432 aest.
918 1390 1050 1431 Bonn.
1077 1388 1182 1430 1873
1204 1401 1243 1441 p.
1268 1388 1357 1439 13):
1389 1388 1480 1428 tum

96 1483 180 1512 non
209 1470 319 1511 recte
349 1468 528 1522 positam
559 1480 647 1509 esse
677 1468 925 1521 particulam
955 1466 1021 1520 δὲ,
1054 1466 1202 1520 quippe
1233 1479 1279 1507 ex
1310 1478 1389 1519 qua
1421 1479 1482 1507 se-

100 1548 295 1601 queretur
324 1546 374 1598 (si
403 1546 513 1587 recte
534 1545 869 1587 Heimsoethium
888 1544 1100 1597 intellego)
1120 1544 1347 1585 Adrastum
1367 1556 1483 1597 prae-

100 1624 289 1666 cedentia
318 1635 480 1675 quoque
511 1622 636 1663 verba
666 1622 717 1663 ad
742 1623 912 1664 chorum
942 1624 1127 1664 locutum
1159 1633 1259 1662 esse.
1317 1620 1484 1662 Kolster

100 1703 163 1754 (Z.
194 1701 222 1743 s.
251 1703 300 1743 A.
335 1701 453 1743 1848.
483 1701 536 1742 58
566 1713 605 1753 p.
635 1701 734 1752 982)
765 1701 905 1743 locum
935 1701 1173 1754 corruptum
1214 1710 1302 1740 esse
1338 1700 1481 1752 putat:

95 1779 229 1820 latere
259 1777 415 1831 aliquid
446 1777 497 1818 ad
528 1776 673 1818 fanum
704 1780 908 1830 spectans,
938 1790 1061 1832 prope
1084 1777 1192 1830 quod
1208 1778 1363 1817 matres
1385 1776 1484 1816 <lum

99 1858 303 1900 cadavera
332 1857 632 1909 componantur
651 1858 888 1898 versaturae
909 1857 1004 1898 sint.
1063 1854 1325 1896 Probabilius
1345 1855 1484 1895 tamen

95 1934 269 1985 videtur,
303 1934 409 1987 quod
439 1934 631 1975 Reiskius
670 1933 867 1986 conjecit:
908 1932 1048 1987 μένειν
1078 1930 1178 1987 χρή,
1210 1929 1479 1984 τλήμονες,

96 2010 205 2066 λέγει
233 2010 317 2066 γὰρ
347 2004 394 2052 εὖ
421 2013 426 2060 Ι
457 2008 647 2063 Θησεύς’
679 2009 785 2052 ὅταν
815 2009 859 2052 δὲ
890 2009 990 2064 mg„
1024 2012 1147 2063 atque
1178 2009 1255 2050 hoc
1295 2022 1390 2051 cum
1419 2009 1484 2050 W.

104 2089 147 2129 in
178 2090 417 2131 contextum
445 2087 682 2140 receperim.

229 2167 408 2209 Restant
437 2180 517 2208 vss.
550 2166 641 2207 2299.
664 2166 756 2207 408.
783 2166 897 2206 10:33.
925 2166 1041 2208 1180.
1069 2167 1185 2218 1228,
1217 2179 1318 2219 quos
1344 2178 1487 2207 omnes

100 2244 166 2286 vix
197 2244 414 2286 defendere
445 2257 632 2297 possum,
663 2243 759 2296 quia
790 2245 1056 2295 argumenta,
1088 2256 1108 2285 e
1141 2244 1292 2297 quibus
1324 2244 1490 2286 delean-

99 2322 179 2372 tur,
208 2321 369 2374 prolata
398 2323 496 2362 sunt
526 2323 599 2363 aut
627 2321 756 2370 nulla,
788 2322 860 2361 aut
890 2333 1039 2374 parum
1069 2321 1229 2363 idonea.

232 2411 270 2439 v.
301 2398 381 2440 298
413 2398 600 2452 spurium
632 2398 795 2451 judicat
824 2398 898 2445 N.;
936 2410 982 2439 eo
1021 2411 1157 2440 carere
1195 2398 1362 2452 quidem
1399 2412 1492 2453 pos-

103 2486 269 2524 sumus,
311 2475 420 2527 quod
461 2477 603 2517 tamen
642 2475 693 2516 ad
730 2488 897 2516 versum
938 2475 1161 2516 delendum
1198 2489 1281 2518 11011
1323 2476 1490 2518 sufficit.

106 2552 268 2593 Vitium
299 2554 438 2595 autem
468 2555 603 2595 ullum
633 2554 675 2594 in
706 2566 751 2595 eo
780 2554 909 2595 latere
946 2565 1029 2594 11011
1069 2552 1204 2603 video,
1245 2566 1345 2596 nam
1383 2553 1493 2607 quod

103 2630 236 2672 fusius
267 2632 573 2673 excusationem
603 2631 681 2673 sibi
711 2632 815 2685 petit
841 2632 1008 2681 Aethra,
1038 2631 1177 2672 nescio
1209 2643 1261 2672 an
1291 2644 1337 2673 eo
1367 2631 1493 2686 expli-

105 2708 190 2750 cari
221 2707 361 2761 possit,
392 2709 500 2762 quod
529 2711 648 2750 tanta,
680 2708 854 2750 audacia
885 2709 936 2750 ad
956 2708 1164 2749 Theseum
1184 2708 1493 2750 admonendum

105 2785 356 2840 processisse
398 2786 476 2829 sibi
516 2786 704 2829 videatur
745 2786 811 2857 ct*
831 2799 868 2828 v.
905 2787 1008 2829 295:
1050 2783 1136 2827 ἀλλ’
1177 2786 1236 2836 εἰς
1264 2784 1395 2827 ὄκνον
1423 2800 1495 2840 μοι
