1743 3163
792 243 1051 304 *429ss—

233 370 343 424 εἷόως
375 373 653 428 ἐξοχώτατοςε
686 371 1018 428 εὐπρεπέστατος
1050 376 1181 417 dicere
1212 376 1394 429 potuisse
1425 375 1612 426 concedo,

234 452 422 494 debuisse
463 464 580 504 nego.
653 451 733 492 Sed
776 464 896 493 versu
940 453 1010 494 illo
1053 453 1215 494 sublato
1259 454 1385 494 etiam
1428 452 1612 493 desidero

232 528 583 582 pulchritudinem
606 528 907 582 Parthenopaei
930 531 1307 579 commemoratam,
1337 543 1435 571 nam
1465 530 1506 569 in
1526 530 1614 569 lau-

234 607 396 647 datione
417 605 680 659 potissimum
701 605 862 647 funebri
884 618 932 647 ea
952 607 1314 647 commemoranda
1328 608 1434 656 sunt,
1449 608 1615 660 propter

236 697 339 736 quae
370 684 544 736 quisque
574 682 781 723 laudatur.
837 682 899 723 De
930 683 1230 736 Parthenopaei
1268 686 1408 725 autem
1437 682 1617 736 pulchri-

237 762 376 802 tudine
408 761 595 802 conferas
625 762 787 814 praeter
806 761 1002 813 Aeschyli
1022 761 1160 802 locum
1182 762 1231 802 ab
1253 762 1493 802 Hermanno
1516 759 1616 800 alla-

235 840 325 880 tum
354 839 508 892 Hygin.
540 839 623 880 fab.
657 838 838 880 CCLXX
869 838 948 891 (ed.
980 839 1036 879 M.
1070 838 1325 879 Schmidtius
1354 852 1392 892 p.
1428 837 1517 878 145.
1549 836 1614 887 17)

237 918 277 958 et
309 917 411 958 Stat.
444 917 572 958 Theb.
602 916 661 957 IV
691 916 794 957 5251:

394 995 608 1036 Pulchrior
638 994 740 1034 haut
769 993 843 1034 ulli
874 993 989 1034 triste
1022 994 1072 1034 ad
1105 993 1322 1034 discrimen
1354 993 1460 1034 ituro

395 1072 546 1113 Vultus
578 1073 618 1113 et
648 1071 834 1124 egregiae
866 1071 984 1110 tanta
1012 1070 1270 1123 indulgentia
1301 1070 1468 1111 formae.

345 1149 474 1191 Paulo
505 1150 611 1191 infra
641 1149 683 1190 in
714 1130 899 1201 ejrisdem
920 1148 1220 1203 Parthenopaei
1251 1147 1487 1189 laudatione
1516 1145 1619 1186 haec

238 1228 434 1281 legimus:

310 1306 401 1348 890.
434 1305 621 1356 πολλοὺς
652 1305 688 1347 ὸ’
723 1304 902 1360 ἐραστὰς
931 1302 1043 1345 κάπὸ
1075 1307 1259 1358 θηλειῶν
1288 1304 1391 1353 ὅσας

433 1382 541 1438 ἔχων
570 1382 771 1439 ἐφρούρει
801 1381 935 1436 μηδὲν
964 1380 1280 1435 ἐξαμαρτάνειν.

347 1462 502 1503 Versus
533 1463 613 1504 899
643 1462 684 1502 et
713 1460 793 1502 000
815 1459 989 1500 removit
1008 1459 1054 1500 L.
1074 1459 1311 1500 Dindorfius
1335 1460 1403 1506 (cf.
1424 1459 1621 1499 Thesaur.

241 1540 381 1593 Steph.
412 1540 459 1580 V.
489 1553 528 1593 p.
559 1539 683 1590 2290)
727 1539 979 1590 obsequente
1024 1537 1149 1578 fratre
1182 1537 1401 1579 Guilelmo.
1469 1537 1624 1578 Versus

239 1618 347 1659 enim
379 1631 483 1669 „non
514 1617 734 1670 Euripidis,
766 1616 838 1657 sed
868 1615 1046 1656 hominis
1077 1627 1177 1666 esse,
1199 1615 1268 1668 qui
1290 1617 1626 1669 Παρθενοπαῖον

239 1691 350 1745 εἶδος
382 1694 643 1749 ἐξοχώτατον
686 1695 812 1736 etiam
856 1693 906 1734 ab
948 1693 1026 1733 hac
1065 1694 1181 1746 parte
1212 1691 1470 1732 laudandum
1499 1693 1625 1741 ratus,

241 1774 349 1827 quod
381 1774 512 1815 dicere
543 1773 692 1814 voluit:
724 1769 909 1820 πολλοὺς
932 1768 1111 1825 ἐραστὰς
1130 1768 1200 1810 καὶ
1217 1767 1376 1818 πολλὰς
1405 1767 1627 1822 ἐραστρίας

241 1848 348 1903 ἔχων
389 1849 651 1904 ἐφυλάσσετο
683 1848 815 1904 μηδὲν
846 1846 1178 1901 ἐξαμαρτάνειν,
1222 1847 1279 1887 sic
1320 1847 1540 1898 eloquutus
1581 1847 1629 1886 ut

240 1928 476 1969 Theodorus
514 1929 656 1970 Prodr.
710 1941 805 1970 cum
851 1926 942 1967 aliis
980 1925 1260 1978 Byzantinisf‘
1334 1923 1487 1966 Contra
1527 1937 1628 1976 quos

243 2004 326 2048 ἀπὸ
361 2010 549 2060 θηλειῶν
578 2008 687 2048 recte
719 2005 919 2059 explicare
949 2003 1052 2044 mihi
1082 2003 1244 2044 videtur
1273 2002 1336 2043 W.
1355 2004 1401 2043 A.
1421 2002 1468 2043 E.
1489 2015 1526 2056 p.
1549 2003 1629 2043 215

243 2085 311 2136 (cf.
343 2085 396 2126 H.
432 2085 481 2126 14
511 2099 550 2139 p.
588 2086 695 2135 182),
738 2084 807 2137 qui
837 2083 1052 2136 comparat
1082 2080 1195 2134 Cycl.
1227 2081 1320 2122 358.
1379 2080 1503 2133 Hipp.
1535 2080 1629 2122 514.

241 2164 394 2205 Bacch.
414 2163 530 2205 1049.
589 2163 707 2214 Quod
740 2163 772 2203 si
803 2163 913 2203 recte
936 2159 1083 2201 statuit
1102 2158 1168 2199 W.
1191 2158 1315 2199 simul
1337 2159 1506 2211 apparet
1527 2158 1630 2199 falso

243 2241 464 2293 conjecisse
501 2241 758 2294 Madvigium
801 2241 842 2281 et
879 2237 1214 2280 Heimsoethium
1262 2249 1333 2289 pro
1375 2236 1631 2289 ineptissime

242 2318 372 2368 ἶῖσαςε
403 2318 561 2369 νόσους
595 2319 704 2371 (adv.
736 2318 842 2360 critt.
874 2317 895 2358 I
924 2331 963 2371 p.
984 2316 1084 2365 252)
1119 2317 1160 2356 et
1190 2312 1313 2368 σέβας
1348 2313 1454 2363 (Ina.
1479 2315 1507 2356 1.
1529 2316 1630 2356 aest.

244 2399 292 2439 B.
327 2398 432 2439 1872
463 2412 501 2451 p.
533 2398 615 2438 ⁶22.
684 2397 765 2439 Sed
807 2409 859 2437 ne
894 2395 936 2436 id
979 2393 1147 2447 quidem
1187 2392 1289 2433 mihi
1333 2392 1632 2445 comprobatur,

246 2476 351 2528 quod
382 2476 469 2528 ipse
501 2476 676 2528 conjecit
704 2475 787 2515 W:
820 2472 842 2516 ὁ
863 2477 976 2527 παῖς,
1007 2486 1107 2513 nam
1136 2473 1358 2523 postquam
1378 2467 1519 2523 λόχοις
1539 2468 1631 2523 ἐφε-

245 2552 353 2602 στὼς
382 2552 514 2607 ἤμυνε
544 2551 663 2609 χώρᾳ
700 2565 781 2593 11011
819 2563 917 2592 sane
956 2550 1004 2591 de
1034 2549 1167 2603 'puero
1199 2548 1276 2589 diei
1307 2560 1426 2601 posse
1456 2546 1631 2588 videtur.

245 2631 511 2671 Probabilem
541 2632 694 2680 tamen,
725 2642 807 2682 qua
837 2628 940 2677 ὅσας
968 2627 1160 2680 explicari
1180 2626 1309 2679 possit
1327 2625 1530 2666 rationem
1551 2637 1633 2665 non

247 2709 384 2750 inveni
416 2709 613 2761 nullaque
647 2709 726 2749 alia
757 2708 805 2749 de
836 2719 972 2756 causa,
1000 2705 1081 2746 nisi
1110 2706 1158 2745 ut
1186 2705 1367 2745 metrum
1398 2703 1481 2743 11110
1514 2702 1633 2745 modo

248 2787 470 2841 expleatur,
500 2799 680 2839 propono
710 2786 831 2827 haec:
