1743 3163
865 213 1071 275 *4ssss—

381 346 526 398 Neque
562 346 627 387 W.
674 346 901 400 quidquam
943 346 1058 397 dixit,
1101 358 1173 388 eur
1209 359 1246 387 v.
1280 346 1386 388 1008
1427 346 1633 397 deleverit,

251 435 387 475 neque
416 423 713 473 Weckleinius,
744 436 816 464 cur
846 436 1040 465 assensus
1070 423 1135 464 sit.
1192 422 1296 463 Mihi
1325 423 1467 463 autem
1495 435 1632 475 neque

251 500 292 540 in
330 512 454 540 sensu
489 511 623 552 neque
661 499 703 539 in
733 499 868 540 verbis
911 499 963 549 (si
992 500 1114 541 modo
1145 499 1311 541 Canteri
1349 499 1630 552 conjecturam

253 577 494 630 recipimus)
525 576 660 616 ullum
689 576 836 616 vitium
866 576 993 617 latere
1013 576 1186 618 videtur.
1233 576 1346 616 Dicit
1365 576 1475 617 enim
1493 575 1633 629 Jphis:

253 654 322 702 „ut
352 652 497 693 domus
527 664 644 692 meae
673 651 757 692 filio
795 653 956 693 mortuo
992 653 1171 694 multam
1213 653 1478 694 solitudinem
1508 652 1635 703 video,

253 730 311 770 ita
342 729 467 770 etiam
498 728 679 781 Capanei
710 727 830 769 aedes
855 729 1156 781 jocundissima
1198 730 1365 782 quidem
1406 729 1503 780 fuit,
1536 730 1636 770 dum

253 806 338 846 filia
368 806 575 859 superstes
607 805 706 846 erat.
764 805 862 847 Jam
894 806 1034 846 autem
1063 808 1228 847 mortua
1248 807 1332 848 est“
1363 807 1440 848 etc.
1498 807 1637 848 Habe—

252 895 345 923 mus
375 882 500 935 igitur
542 883 838 924 anacoluthum
869 882 1086 935 quoddam,
1117 883 1312 935 quoniam
1348 895 1427 924 vss.
1461 882 1566 924 1096
1597 884 1638 924 et

256 959 381 1009 1008,
412 959 446 1000 si
476 959 524 1000 de
557 971 681 1000 sensu
711 959 941 1012 cogitamus
980 959 1057 1000 sibi
1086 959 1406 1012 respondentes,
1435 972 1517 1000 non
1548 960 1636 1013 pari

253 1036 413 1077 dicendi
442 1035 575 1089 figura
604 1036 669 1076 usi
700 1037 809 1078 sunt.
869 1035 1018 1087 Qualia
1048 1037 1190 1078 tamen
1220 1036 1355 1077 ubivis
1391 1036 1636 1090 saepiusque

251 1112 454 1162 invenias,
476 1124 602 1165 quam
623 1113 665 1153 in
686 1113 835 1166 quibus
856 1113 934 1154 1100
952 1113 1040 1154 1000
1060 1113 1319 1154 haereamus.
1360 1105 1478 1162 Q'uod
1498 1114 1638 1154 autem

254 1190 301 1230 de
332 1189 508 1230 Euadna
536 1191 668 1232 multo
699 1189 831 1231 fusius
861 1189 1044 1242 loquitur
1072 1190 1205 1243 Jphis,
1237 1201 1362 1242 quam
1394 1189 1441 1230 de
1460 1189 1638 1240 Eteocle,

253 1279 273 1308 e
304 1267 574 1320 sequentibus
606 1268 761 1308 elucet:
794 1263 987 1321 ἀρσένων
1009 1265 1054 1308 ὁὲ
1075 1265 1259 1319 μείζονες
1280 1266 1426 1318 ψυχαί,
1450 1268 1640 1319 γλυκεῖαι

252 1341 290 1386 δ’
321 1338 452 1397 ἧσσον
482 1343 523 1393 ἐς
553 1343 830 1398 θωπεύματα.
889 1345 1087 1386 Versibus
1125 1344 1395 1396 sequentibus
1434 1358 1454 1386 e
1491 1357 1639 1386 scaena

253 1422 441 1463 abiturus
470 1422 573 1462 haec
604 1422 702 1462 dicit
730 1422 870 1475 vJphis:

451 1496 529 1551 οὐχ
560 1497 616 1548 ὡς
645 1497 822 1552 τάχιστα
853 1497 958 1552 δῆτά
989 1496 1026 1551 μ’
1061 1496 1164 1548 ἄξετ’
1201 1497 1240 1548 ἐς
1270 1497 1431 1551 δόμους

311 1578 416 1619 1105
453 1575 592 1633 σκότῳ
622 1592 663 1617 τε
695 1574 856 1630 δώσετ’,
889 1574 975 1619 ἐνθ’
1010 1575 1189 1626 ἀσιτίαις
1219 1574 1322 1630 ἐμὸν

451 1652 578 1707 δέμας
607 1652 780 1708 γεραιὸν
811 1653 1031 1704 συντακεὶς
1062 1652 1298 1709 ἀποφθερῶ
1309 1670 1322 1702 ;

451 1733 491 1774 τί
519 1730 555 1786 μ’
591 1729 798 1786 ὠφελήσει
827 1731 981 1781 παιὸὸς
1011 1729 1172 1774 ὀστέων
1201 1735 1364 1785 &cyzim

453 1806 486 1853 ὦ
516 1808 835 1851 δυσπάλαιστον
864 1815 998 1863 γῆρας
1029 1808 1086 1858 ὡς
1114 1813 1223 1862 μισῶ
1255 1807 1291 1850 6⁷
1326 1807 1434 1863 ἔχων
1463 1811 1550 1850 κτλ.

386 1890 545 1932 Deinde
597 1889 876 1942 compluribus
921 1888 1107 1929 versibus
1156 1887 1383 1929 senectutis
1430 1887 1642 1929 molestias

255 1968 518 2023 reprehendit
548 1979 709 2020 eosque,
741 1966 810 2018 qui
840 1966 969 2006 vitam
998 1965 1162 2018 longius
1192 1964 1414 2019 producere
1435 1965 1641 2016 studeant,

256 2047 488 2088 commotus
518 2045 575 2086 eis
616 2044 763 2093 verbis,
805 2055 909 2096 quae
948 2043 1034 2097 ipse
1076 2043 1233 2085 dixerat
1272 2056 1309 2083 v.
1344 2042 1470 2084 1106:
1513 2039 1642 2095 δέμας

255 2121 428 2176 γεραιόν
458 2119 542 2163 κτὲ.
602 2122 749 2163 Nonne
782 2122 922 2162 autem
951 2121 1105 2162 mirum
1123 2121 1286 2163 videtur
1305 2121 1413 2162 inter
1432 2132 1524 2161 eam
1544 2133 1642 2170 rem,

257 2214 338 2255 qua
370 2201 420 2242 ad
451 2202 709 2242 senectutem
744 2199 1127 2253 reprehendendam
1156 2199 1278 2253 ‚lphis
1319 2199 1550 2240 commotus
1581 2199 1643 2239 est

258 2283 298 2322 et
326 2281 461 2334 ipsam
490 2278 851 2332 reprehensionem
880 2290 1012 2319 unum
1041 2289 1206 2319 versum
1235 2277 1460 2318 interesse?
1516 2276 1644 2326 Adde,

259 2359 367 2412 quod
397 2360 507 2400 recte
538 2358 581 2398 in
610 2357 740 2410 ipsius
770 2367 912 2397 versus
944 2368 1068 2396 sensu
1097 2355 1267 2396 haereat
1296 2354 1383 2394 W.:
1418 2354 1504 2395 abit
1523 2353 1644 2406 Jphis

258 2437 413 2477 infecta
443 2448 491 2477 ea
521 2449 575 2486 re,
618 2436 735 2488 cujus
766 2447 892 2476 causa
921 2434 1106 2482 venerat,
1144 2432 1251 2484 quod
1290 2444 1368 2473 nec
1397 2430 1538 2471 mirari
1567 2442 1644 2471 1100

259 2526 450 2555 excusare
481 2515 653 2567 poterat,
682 2514 763 2555 nisi
792 2512 1097 2566 interpolatoris
1129 2522 1317 2552 acumen.

384 2591 487 2632 1114
526 2591 576 2633 ἰὼ
606 2591 706 2633 τάδε
737 2591 789 2646 δὴ
820 2591 987 2633 παίδων
1017 2586 1241 2644 φθιμένων

521 2667 628 2710 ὀστᾶ
658 2668 851 2725 φέρεται·
883 2665 1018 2721 λάβετ’
1054 2665 1287 2720 ἀμφίπολοι

523 2751 675 2802 γραιᾱς
704 2745 907 2801 ἀμενοῦς·
939 2743 990 2786 οὐ
1020 2745 1103 2800 γὰρ
1134 2742 1292 2785 ἔνεστιν
