1743 3163
750 210 776 251 9

72 354 199 395 quam
226 353 315 383 0880
345 354 418 383 cur
445 342 523 384 1100
552 343 641 384 1000
661 343 919 385 haereamus.
937 343 964 395 ¹)
1003 343 1294 385 Falsissimum
1313 346 1453 387 autem

72 431 172 469 esse,
202 418 350 472 siquis
371 431 419 461 ex
439 432 496 470 00,
528 421 637 474 quod
659 421 893 476 Hesychius
923 421 1034 462 hunc
1062 422 1202 463 locum
1229 435 1312 463 non
1342 435 1453 464 com-

70 498 284 548 memorat,
312 497 523 552 Hesychio
554 511 650 541 eum
678 499 866 541 nondum
894 500 1042 542 notum
1062 499 1189 542 fuisse
1209 501 1451 544 concludere

71 574 181 626 velit,
209 586 283 629 per
313 587 356 617 se
385 578 511 630 patet.

200 653 379 695 Rectam
409 653 657 696 emendandi
697 655 809 697 viam
844 669 952 698 unus
982 655 1193 710 ingressus
1235 669 1323 699 esse
1352 658 1455 699 mihi

70 730 233 772 videtur
254 730 566 773 Heimsocthius
597 731 787 784 (ctitifcbe
821 733 1003 776 &noim
1035 748 1074 788 p.
1106 734 1185 776 226
1217 736 1258 776 et
1288 749 1327 788 p.
1357 734 1454 787 295)

70 809 148 851 hoc
177 809 260 851 fere
290 808 411 851 modo
439 809 732 852 ratiocinatus:
766 811 846 853 (1110
887 812 1080 853 orat-ionis
1117 811 1234 864 quasi
1265 812 1455 853 membra

70 887 273 929 habemus
302 887 411 929 inter
441 900 483 929 80
514 890 719 942 opposita:
753 891 933 944 primum
955 889 1143 942 quidem:
1174 890 1328 930 matres
1349 889 1455 930 filios

72 965 289 1018 sepeliunt,
320 965 520 1007 alterum:
550 968 706 1008 matres
738 979 760 1008 a
788 968 883 1008 filiis
915 967 1078 1021 sepeliri
1108 967 1334 1009 debebant:
1377 982 1454 1021 μη-

70 1040 185 1098 τέρες
214 1040 267 1083 τὰ
296 1038 424 1083 τέκνα
453 1041 712 1097 θάπτουσιν,
746 1043 795 1093 ἃς
827 1042 960 1093 αὐτὰς
991 1043 1117 1099 ἐχρῆν
1137 1044 1289 1086 κείνων
1312 1043 1456 1098 χερσὶν

70 1118 338 1169 θάπτεσθαι;
388 1133 564 1174 quorum
606 1122 649 1163 in
693 1123 820 1164 altero
856 1121 1102 1164 θάπτεσθαι
1140 1135 1213 1177 1101
1251 1122 1456 1163 ambitum

71 1201 334 1242 enuntiatum
354 1202 417 1241 est
435 1201 590 1242 verbis:
618 1201 820 1254 ταφείσας
839 1199 1010 1255 ὡραίων
1024 1205 1167 1255 τυχεῖν
1174 1217 1188 1250 ,·
1210 1202 1302 1242 tum
1317 1202 1457 1241 autem

69 1291 205 1321 nonne
235 1291 388 1332 quaeso
417 1279 766 1321 verisimillimum
797 1282 869 1331 est,
901 1280 949 1321 de
979 1280 1109 1334 priore
1141 1291 1302 1332 quoque
1323 1278 1455 1319 simile

71 1357 170 1411 quid
210 1357 482 1400 statuendum
525 1370 625 1408 esse,
664 1358 722 1399 ita
767 1360 813 1400 ut
853 1359 958 1400 illud
987 1356 1170 1400 θάπτειν
1211 1358 1277 1399 vel
1318 1357 1455 1411 potius

70 1434 260 1489 θάψωσι,
292 1435 401 1489 (111οᾶ
429 1435 472 1476 in
503 1437 698 1478 contextu
728 1437 942 1488 habemus,
972 1437 1137 1479 nonnisi
1163 1436 1379 1489 explicatio
1404 1437 1458 1478 sit

69 1515 332 1569 grammatici
361 1514 610 1567 cujusdam?

199 1606 337 1659 Atque
368 1605 571 1647 hactenus
610 1606 838 1648 rectissime
879 1606 1105 1661 disputavit
1133 1606 1456 1655 Heimsoethius‚

69 1683 215 1726 deinde
247 1685 388 1725 autem
417 1684 460 1725 in
490 1696 535 1726 eo
566 1684 644 1725 sibi
672 1697 755 1725 non
786 1686 982 1735 constitit,
1014 1685 1121 1738 quod
1152 1698 1224 1738 pro
1253 1683 1457 1734 θάψωσιν

69 1763 235 1816 scripsit
263 1761 495 1817 δράσωσιν,
532 1775 631 1804 nam
668 1763 757 1805 voci
787 1767 929 1817 τυχεῖν
966 1778 1079 1812 τινος
1116 1776 1200 1805 non
1240 1763 1457 1817 opponitur

201 1961 232 2003 1)
255 1960 298 1994 In
322 1958 548 2003 glossemate,
573 1959 666 2004 quod
698 1960 791 2005 apud
819 1960 966 1994 eundem
990 1960 1205 2005 Hesychium
1235 1960 1338 2006 paulo
1366 1961 1458 1995 infra

68 2028 247 2074 sequitur:
279 2024 472 2070 ὡραίων·
498 2029 570 2060 τῶν
595 2029 774 2061 πεπανῶν
799 2027 926 2061 mirum
950 2037 1023 2061 esse
1047 2027 1207 2070 videtur,
1239 2028 1331 2072 quod
1355 2028 1458 2062 raris-

68 2095 160 2129 sima
184 2104 263 2128 voce
286 2091 455 2133 πεπανός
478 2104 563 2127 118118
589 2096 642 2127 est
666 2093 864 2138 Hesychius
888 2104 949 2138 pro
973 2091 1112 2129 πέπων.
1164 2094 1328 2138 Accedit,
1366 2095 1457 2140 quod

68 2161 239 2196 articulus
264 2164 337 2195 τῶν
361 2161 406 2195 ad
430 2164 607 2195 πεπανῶν
639 2160 782 2194 additus
818 2160 1079 2194 substantivum
1104 2161 1279 2206 quoddam
1302 2162 1456 2197 indicari¹

66 2227 155 2262 mihi
177 2226 325 2262 videtur.
373 2227 508 2269 Quibus
533 2227 574 2260 (le
600 2227 715 2261 causis
739 2227 854 2260 nescio
879 2238 923 2261 an
946 2238 1007 2271 pro
1032 2231 1209 2262 πεπανῶν
1236 2227 1457 2263 scribendum

68 2284 118 2319 sit
140 2281 311 2319 πελάνων
335 2283 406 2318 sive
430 2282 623 2318 ποπάνων.
681 2282 768 2316 Tum
806 2284 922 2316 autem
952 2283 1016 2317 hoc
1053 2294 1186 2328 quoquc
1220 2284 1391 2328 glossema
1420 2284 1456 2318 in

67 2351 162 2386 hunc
183 2350 300 2386 locum
322 2349 552 2395 Euripideum
577 2349 765 2394 quadraret
790 2350 1068 2394 sententiamque
1091 2352 1248 2384 nostram
1272 2350 1314 2384 de
1339 2361 1376 2385 eo
1402 2351 1458 2385 fir-

69 2419 191 2453 maret.

198 2483 246 2518 M.
283 2482 504 2518 Schmidtius
540 2482 632 2516 hanc
666 2482 888 2526 glossematis
922 2483 1019 2518 illius
1055 2483 1251 2528 explicandi
1285 2483 1456 2517 rationem

67 2562 203 2586 mecum
226 2549 515 2586 communicavit:
541 2549 688 2593 adjectis
713 2551 804 2584 enim
828 2560 916 2594 quae
933 2552 1127 2594 sequnntur
1142 2550 1256 2585 verbis
1273 2549 1338 2584 hoc
1354 2550 1456 2584 modo

67 2617 306 2662 interpungit:
332 2617 521 2663 ὡραίων·
547 2618 648 2659 ,,τῶν
672 2619 849 2651 πεπανῶν
874 2614 936 2650 καὶ
962 2614 1108 2660 ὡραίων
1133 2616 1237 2661 [τῶν]
1262 2616 1456 2661 καρπῶνιι,

67 2684 121 2718 ita
144 2685 185 2718 ut
207 2684 313 2719 verba
337 2686 411 2719 τῶν
435 2685 612 2718 πεπανῶν
638 2682 700 2717 καὶ
726 2681 871 2726 ὡραίων
896 2687 1048 2728 καρπῶν
1072 2683 1198 2727 (deleto
1215 2683 1380 2717 nimii-iun
1396 2683 1456 2717 illo

69 2750 160 2793 τῶν)
185 2762 203 2785 0
227 2751 396 2796 scriptore
421 2749 571 2796 quodam
598 2750 728 2786 hausta
753 2750 972 2795 glossematis
987 2749 1060 2785 loco
1077 2749 1236 2785 attulerit
1251 2749 1458 2794 Hesychius.
