1743 3163
808 231 861 272 55

142 366 275 408 bitis.“
331 365 473 406 Totius
504 366 645 406 autem
675 365 752 407 loci
784 378 929 406 sensus
960 365 1026 406 hic
1057 367 1136 407 est:
1170 379 1191 407 0
1211 365 1400 407 homines
1420 379 1527 407 mor-

142 443 258 493 tales,
297 441 475 483 maxime
516 441 736 496 superbitis
777 454 912 495 neque
950 442 1111 494 amicis,
1156 443 1226 496 qui
1266 443 1370 483 bene
1411 443 1526 484 vobis

93 548 96 549 ν
141 519 354 560 consulere
391 518 577 569 student,
613 518 786 572 paretis3
831 520 923 561 tum
960 520 1101 560 autem
1130 520 1266 561 multa
1293 520 1406 561 mala
1436 533 1526 573 per-

141 596 251 650 pessi
280 595 390 637 dirae
418 595 657 637 necessitati
689 596 829 637 cedere
861 596 1074 649 cogimini!

272 672 559 726 Corruptelam
589 674 729 714 autem
758 674 836 715 hoc
865 673 986 715 modo
1017 675 1150 714 ortam
1181 687 1270 715 esse
1290 676 1411 728 puto:
1442 674 1525 715 usi-

138 751 394 794 tatissimum
423 750 503 791 fuit
532 749 698 803 θνητοί,
731 749 775 790 οἵ
799 751 864 792 vel
894 751 1046 792 similia
1075 764 1096 791 e
1127 763 1185 804 gr.
1215 751 1313 806 Jph.
1344 754 1392 793 A.
1422 752 1523 793 543:

137 827 339 883 μάκαρες,
371 829 412 869 οἲ
443 826 526 870 κτὲ.
586 827 773 869 Primum
794 828 920 881 igitur
939 827 986 868 τὸ
1006 829 1251 870 mutabatur
1269 829 1312 869 in
1332 829 1384 870 οῖ’.
1417 829 1523 870 Tum

140 908 280 949 autem
311 905 545 948 ἐντείνεσθε
582 919 664 947 non
694 906 784 958 jam
820 907 1005 959 spectare
1035 904 1176 959 'potuit
1214 907 1266 948 ad
1303 907 1520 958 πείθεσθε,

140 985 211 1026 sed
241 984 577 1037 conjungendum
608 985 695 1025 erat
725 996 820 1024 cum
848 984 1062 1038 participio
1100 983 1349 1038 πάσχοντες,
1381 985 1520 1038 itaque

136 1062 238 1103 item
267 1061 310 1102 in
348 1061 553 1116 participii
589 1061 765 1103 formam
802 1061 1058 1102 mutabatur.
1088 1062 1114 1113 ¹)
1173 1063 1355 1116 Apparet
1395 1061 1522 1115 igitur

135 1152 269 1192 neque
298 1139 610 1180 Wilamowitzio
639 1151 705 1180 me
736 1139 937 1189 assentiri,
969 1140 1037 1192 qui
1067 1153 1104 1181 v.
1127 1140 1207 1181 745
1237 1140 1356 1186 delet,
1386 1153 1519 1193 nequo

134 1216 408 1266 Weckleinio,
451 1216 521 1269 qui
558 1230 640 1258 vss.
672 1216 750 1257 745
781 1218 822 1257 et
853 1217 931 1258 746
972 1217 1133 1258 inverso
1176 1217 1315 1259 ordine
1356 1217 1518 1270 recipit:

134 1296 301 1336 tantum
331 1295 472 1336 autem
504 1295 645 1345 abest,
686 1296 734 1335 ut
769 1307 864 1335 cum
893 1295 945 1335 N.
982 1295 1133 1337 faciam
1163 1309 1200 1337 v,
1232 1296 1312 1337 746
1347 1295 1520 1349 proscri-

133 1375 275 1424 bente,
310 1374 360 1414 ut
395 1385 490 1414 eum
520 1373 784 1426 potissimum
821 1373 999 1415 maxime
1040 1374 1322 1416 necessarium
1360 1375 1517 1428 putem.

132 1453 244 1494 Nam
282 1454 329 1493 ut
367 1464 491 1505 supra
527 1451 607 1492 dixi
638 1464 784 1492 sensus
815 1453 896 1492 est:
941 1452 1084 1493 amicis
1115 1466 1197 1494 non
1234 1453 1406 1506 paretis,
1445 1453 1516 1494 sed

131 1531 267 1572 multa
295 1531 408 1571 mala
438 1531 671 1583 (propterea
691 1530 844 1583 optimo
858 1530 967 1582 jure)
998 1532 1190 1585 perpessi,
1222 1532 1314 1574 tum
1346 1531 1517 1573 demum

132 1608 373 1651 necessitati
404 1608 562 1649 ceditis,

393 1699 430 1726 v.
461 1684 541 1726 760
572 1697 659 1738 sqq.

262 1763 450 1805 Primum
481 1763 649 1816 quidem
680 1763 940 1813 omittamus,
971 1763 1080 1816 quod
1111 1762 1271 1805 codices
1307 1764 1350 1805 in
1381 1765 1516 1806 distri-

129 1841 307 1883 buendis
352 1854 622 1896 personarum
665 1841 773 1882 notis
814 1842 921 1882 inter
960 1854 1002 1882 se
1033 1841 1286 1895 discrepant,
1328 1855 1428 1884 nam
1469 1845 1516 1883 ut

128 1919 492 1973 persuasissimum
522 1920 671 1970 habeo,
709 1919 815 1960 solos
844 1919 1072 1961 Adrastum
1110 1922 1151 1961 et
1180 1920 1377 1962 nuntium
1406 1921 1515 1962 inter

129 2009 171 2038 se
202 1998 389 2051 colloqui,
418 1997 477 2038 ita
507 1998 662 2040 falsum
692 2011 792 2048 esse,
823 1998 932 2051 quod
963 1998 1050 2039 cod.
1073 1998 1108 2039 B
1134 1998 1217 2050 (vel
1238 1998 1270 2039 si
1291 1997 1356 2040 W.
1378 1998 1514 2051 sequi-

128 2087 222 2117 mur
251 2075 339 2117 cod.
370 2075 421 2127 P)
454 2088 491 2116 v.
524 2075 626 2116 770:
659 2072 831 2129 ἄκραντ’
863 2072 1013 2130 ὀδύρει
1040 2074 1215 2118 ταῖσδέ
1234 2075 1266 2128 ²)
1296 2071 1328 2118 τ’
1355 2075 1514 2130 ἐξάγει-ς

130 2149 272 2204 δάκρυ
294 2152 415 2193 choro
444 2152 611 2203 tribuat,
642 2165 714 2206 per
743 2165 785 2193 se
806 2153 932 2205 patet.
971 2152 1085 2203 Quae
1106 2166 1151 2195 eo
1171 2154 1305 2207 magis
1324 2155 1512 2196 omittere

127 2241 361 2281 possumus,
394 2229 490 2282 quia
518 2229 603 2280 W.‚
633 2229 945 2271 recentissimus
978 2229 1222 2284 Supplicum
1254 2231 1440 2281 collator,
1471 2231 1513 2271 in

259 2419 288 2461 1)
312 2418 459 2453 Accedit
482 2420 639 2461 fortasse,
664 2419 756 2464 quod
780 2419 1008 2464 interpolator
1039 2419 1202 2454 rariorem
1234 2420 1326 2454 vocis
1359 2418 1511 2456 ἐνι-είνεΜ

128 2485 219 2518 σθαι
245 2496 304 2529 pro
330 2483 504 2520 ἐντείνειν
529 2496 631 2520 usum
656 2496 723 2519 non
746 2485 930 2520 intellexit.
989 2485 1097 2529 Cujus
1122 2488 1238 2520 tamen
1262 2485 1391 2521 formae
1415 2488 1512 2521 testi-

126 2550 279 2584 monium
304 2552 396 2585 recto
421 2551 519 2585 affert
546 2551 742 2586 Fritschius
767 2552 788 2587 l.
813 2553 836 2587 l.
860 2552 941 2596 Jph.
966 2553 1046 2587 Aul.
1071 2554 1152 2588 550:

524 2618 642 2662 δίδυμ’
661 2617 784 2662 ”Epeos
808 2618 826 2653 ὁ
851 2618 1086 2663 χρυσοκόμας

524 2683 600 2726 τόξ’
627 2683 825 2719 ἐντείνεται
849 2686 1021 2729 χαρίτων.

258 2761 287 2805 2)
312 2762 354 2798 cf.
380 2761 594 2798 Firuhaber:
613 2763 928 2808 ffletbtidnissunqeu
954 2764 1195 2809 eutipibeiidyet
1212 2766 1311 2809 Qetfe
1330 2777 1366 2801 π.
1385 2778 1415 2810 p.
1436 2766 1507 2801 103.
