1743 3163
777 229 827 270 41

247 364 300 405 In
328 363 392 405 his
421 363 607 405 versibus
643 363 777 403 multa
807 361 1040 403 offendunt:
1083 361 1266 413 primum
1307 357 1499 400 omnibus

117 452 247 494 paene
266 441 452 482 versibus
471 440 582 481 idem
603 440 843 493 exponitur:
863 439 1052 492 Tydeum
1071 452 1155 480 non
1175 440 1264 479 tam
1283 436 1500 490 loquendo,

119 529 245 570 quam
279 529 344 558 res
377 517 481 559 bene
520 517 697 569 gerendo
727 517 926 558 floruisse.
984 517 1143 558 Deinde
1183 516 1341 569 pugnat
1372 513 1499 554 oratio

116 595 205 634 tam
234 593 327 635 fusa
363 596 505 636 contra
539 595 598 645 id,
642 595 751 647 quod
789 595 945 636 dixerat
974 594 1199 635 Adrastus:
1244 589 1419 633 ἔπαινον
1455 587 1500 630 ἐν

117 668 268 724 βραχεῖ
281 669 408 724 θήσω
426 669 572 725 μέγαν.
628 671 840 726 Imprimis
871 673 1011 712 antem
1042 683 1184 712 omnes
1214 670 1437 710 haeserunt
1457 668 1498 707 111

116 761 154 789 v.
184 747 283 790 903:
323 748 552 790 infinitivus
589 761 673 790 non
714 750 824 790 recte
867 761 962 789 cum
1000 748 1169 800 reliquis
1213 747 1293 788 coit
1336 746 1401 797 (ut
1443 745 1499 785 ait

116 825 350 878 Madvigius
381 825 471 867 adv.
503 826 609 867 eritt.
630 826 652 866 Ι
670 840 708 879 p.
730 825 824 868 252.
856 825 905 868 of.
928 825 1052 866 Dind.
1074 825 1166 865 adn.
1193 824 1266 866 Ox,
1286 823 1308 865 I
1325 837 1364 877 p.
1380 818 1498 873 42&

116 903 342 944 molestum
379 903 483 944 illud
514 901 719 956 σοφιστὴς
750 925 797 931 ——
832 901 959 956 σοφά.
1026 903 1241 944 Postremo
1277 904 1365 943 tota
1408 913 1500 942 sen-

117 979 249 1020 tentia
278 977 415 1020 πολλά
450 976 480 1020 τ’
515 977 697 1030 ἐξευρεῖν
727 978 842 1033 σοφά
874 993 897 1020 a·
925 981 1053 1033 Tydei
1089 980 1326 1021 laudatione
1364 979 1498 1020 aliena

117 1056 192 1097 est.
251 1055 411 1107 Quibus
451 1056 499 1097 de
537 1057 672 1098 causis
707 1058 861 1099 multos
898 1058 976 1099 loci
1017 1056 1245 1110 corrigendi
1275 1056 1447 1097 conatus
1478 1066 1499 1094 a

116 1133 203 1175 VV.
236 1134 302 1176 dd.
334 1135 481 1175 allatos
510 1134 732 1183 habemus,
764 1136 833 1188 qui
863 1137 1006 1176 tamen
1036 1147 1179 1176 omnes
1211 1134 1260 1175 ab
1301 1133 1380 1174 alia
1412 1131 1501 1185 qui-

118 1211 212 1252 dem
241 1213 357 1265 parte
388 1211 654 1253 offensionem
684 1213 848 1263 tollunt,
893 1213 943 1253 ab
976 1212 1055 1252 alia
1087 1212 1227 1252 autem
1258 1222 1350 1251 eam
1378 1209 1501 1250 relin-

118 1291 262 1342 quunt.
320 1289 529 1330 Porsonus
560 1289 670 1330 enim
707 1289 857 1330 delevit
886 1303 924 1331 v.
957 1288 1049 1338 903,
1081 1301 1206 1340 quem
1233 1288 1501 1329 Herm-annus

115 1366 290 1408 inseruit
317 1368 411 1421 post
441 1381 475 1407 v.
506 1367 607 1414 90&
638 1367 898 1420 Hartungius
931 1366 1049 1419 ejecit
1078 1365 1172 1407 903.
1204 1365 1297 1407 907.
1327 1365 1418 1414 908,
1451 1363 1499 1405 G.

115 1443 353 1485 Dindorfius
384 1458 526 1486 01111193
557 1458 636 1486 vss.
669 1443 901 1486 903-908.
958 1443 1021 1484 Ab
1055 1443 1184 1484 altera
1214 1445 1356 1485 autem
1384 1443 1499 1494 parte

118 1521 375 1575 conjecturas
404 1524 607 1566 habemus
627 1523 727 1563 has:
758 1521 1056 1562 Valckenarius
1077 1520 1251 1572 conjecit
1269 1533 1341 1573 pro
1365 1517 1502 1572 σοφώ·

85 1592 90 1595 ’
120 1598 256 1652 σοφός
287 1601 413 1654 ((111οᾶ
431 1602 482 1643 N.
504 1602 573 1643 alii
591 1601 866 1654 receperunt),
897 1599 1053 1641 scilicet
1081 1600 1128 1639 ut
1156 1598 1384 1639 infinitivus
1405 1610 1500 1638 cum

118 1676 288 1729 reliquis
316 1679 466 1720 melius
496 1680 634 1726 coeat3
678 1677 822 1719 eadem
852 1676 1010 1718 ratione
1041 1676 1277 1728 Madvigius
1307 1676 1333 1717 l.
1363 1675 1391 1716 l.
1428 1687 1500 1728 pro

119 1750 305 1808 ἐξευρεῖν
325 1756 506 1809 scripsit:
538 1755 717 1808 ἐξεῦρεν.
756 1755 1026 1796 Marklandus
1046 1755 1271 1796 maluerat:
1303 1750 1498 1806 ἐξευρών.

118 1829 170 1871 N.
201 1831 385 1885 scripsit:
417 1831 463 1874 ἐν
480 1834 629 1887 βραχεῖ
647 1832 771 1887 φήσω
796 1830 924 1888 λόγῳ,
955 1832 1119 1874 fusioris
1153 1831 1346 1873 orationis
1377 1828 1501 1870 offen-

119 1907 277 1950 sionem
318 1911 482 1953 sublata
523 1924 619 1953 voce
660 1909 792 1964 μέγαν
834 1912 882 1951 111
916 1911 1016 1962 111110
1053 1909 1273 1964 paululum
1312 1906 1499 1948 minuero

120 1985 198 2026 sibi
226 1987 353 2030 visus.

252 2063 334 2106 Sed
357 2065 448 2119 Jam
479 2066 676 2108 adeamus
707 2065 757 2106 ad
789 2064 1076 2118 gravissimam
1107 2065 1155 2106 de
1186 2065 1264 2106 1100
1292 2065 1380 2105 1000
1410 2077 1501 2105 sen-

119 2141 306 2193 tentia-m,
349 2155 474 2195 quam
514 2144 684 2197 protulit
713 2143 799 2183 W.:
843 2143 910 2183 hio
952 2142 1062 2183 enim
1091 2142 1139 2183 V.
1172 2143 1208 2184 d.
1239 2142 1500 2183 Dindorfium

119 2219 286 2259 secutus
315 2231 396 2260 vss.
427 2219 508 2261 903
527 2220 672 2262 -908
703 2219 837 2273 ejecit,
879 2221 920 2260 at
957 2219 1130 2260 servatis
1167 2219 1323 2260 verbis:
1362 2217 1501 2267 δεινὸς

120 2293 323 2348 σοφιστής
354 2329 361 2337 .
396 2329 404 2337 .
437 2328 446 2336 .
478 2331 486 2339 .
519 2331 526 2339 .
551 2309 560 2349 ζ,
589 2299 680 2339 tum
706 2297 817 2338 enim
837 2297 878 2337 et
898 2296 1144 2338 concinnam
1164 2309 1253 2338 esse
1274 2297 1500 2338 orationem

120 2373 162 2413 et
188 2372 518 2427 interpolationis
556 2387 682 2416 causa
717 2376 858 2427 patere
887 2375 1094 2416 lacunam.
1154 2375 1209 2415 Et
1236 2373 1501 2426 investigavit

119 2462 162 2490 re
192 2462 289 2491 vera
316 2451 442 2492 verba
471 2452 562 2501 illa,
594 2452 744 2505 quibus
772 2452 840 2493 1110
870 2453 1056 2493 trimeter
1086 2452 1316 2505 expleretur
1352 2451 1417 2503 (cf.
1446 2452 1521 2492 H„

118 2526 180 2567 XI
208 2526 318 2580 302).
374 2529 495 2581 Apud
523 2529 752 2570 Eusebium
782 2529 892 2570 enim
923 2529 1037 2580 (XIV
1067 2529 1124 2571 ssb
1151 2529 1212 2570 ed.
1235 2528 1361 2570 Dind.
1383 2527 1433 2569 ef.
1454 2528 1499 2568 F.

120 2603 351 2657 Thedinga:
384 2605 432 2647 de
451 2606 658 2648 Numenio
678 2606 918 2659 philosopho
937 2606 1162 2648 Platonico.
1201 2607 1373 2648 Bonnae
1396 2606 1500 2647 1875>

119 2694 157 2734 p.
186 2681 258 2733 32)
297 2682 475 2735 legimus
514 2684 638 2724 haec:
679 2687 755 2724 τοῦ
785 2698 827 2725 τε
851 2681 1082 2738 Ὁμηρικοῦ
1118 2684 1325 2726 Τυδείδου
1355 2681 1502 2725 ὁποτέ-

122 2773 212 2813 ροις
240 2759 378 2813 μετείη
408 2757 714 2813 ἀγνοουμένου,
746 2759 842 2801 οὔτε
873 2760 908 2801 εἰ
943 2760 1110 2813 Τρωσὶν
1139 2758 1317 2814 ὁμιλέοι,
1348 2757 1433 2802 οὐτ’
1468 2760 1503 2805 εἰ
