1743 3163
680 231 940 291 ᾼ-ὖὲῂ,

125 364 237 416 ἀξιοῖ
262 369 416 420 τυχεῖν,
476 364 742 417 Significatur
777 375 918 417 preces
957 373 1133 415 persona
1161 359 1368 413 precantis
1399 373 1509 402 ccm-

124 444 343 488 mendari.‘·
400 441 624 496 Aptissime
643 439 914 482 Marklandus
947 438 998 479 ad
1027 452 1064 480 v.
1085 437 1167 480 386
1197 450 1362 478 versum
1392 437 1510 478 affert

124 521 305 564 Terentii
332 520 484 561 Heaut.
514 518 536 559 I
568 518 602 559 1.
631 518 676 560 5:
709 517 899 559 vicinitas
926 515 931 571 Ι
959 516 1067 570 quod
1098 528 1172 569 ego
1202 516 1245 556 in
1278 514 1508 568 propinqua

124 600 240 654 parte
271 596 477 640 amicitiae
508 597 621 650 pute.

254 675 385 717 Paulo
414 673 521 715 infra
550 687 587 714 v.
608 674 689 716 396
721 674 873 715 delevit
895 672 943 715 G.
963 671 1214 721 Dindorfius,
1237 670 1307 711 sed
1330 670 1509 724 primum

124 755 233 795 recte
271 765 366 794 eum
402 752 559 806 respuit
589 751 849 804 Hartungius
888 751 929 791 et
969 749 1114 790 deinde
1156 749 1243 802 ipse
1273 748 1510 789 Dindorfius

123 831 167 872 in
206 830 381 873 editione
421 829 707 871 recentissima
736 827 940 883 Lipsiensi
981 826 1253 881 suspitionem
1297 839 1418 867 suam
1459 839 1511 867 ne

126 909 422 950 commemorat
452 907 629 960 quidem,
660 907 719 948 ita
748 907 794 947 ut
823 919 906 948 11011
937 918 1026 949 esse
1056 905 1256 955 videatur,
1286 917 1359 946 cur
1379 904 1511 946 fusius

126 986 206 1027 hac
237 985 287 1027 de
316 998 359 1027 re
391 985 550 1038 agatur.

255 1063 307 1104 In
335 1062 472 1104 media
500 1061 636 1103 nuntii
666 1062 714 1103 de
745 1075 885 1116 pugna
913 1061 1314 1104 inter‘Athenienses
1345 1060 1387 1101 et
1408 1059 1513 1100 The-

126 1140 256 1181 banos
287 1140 493 1181 concitata
521 1140 757 1182 narratione
787 1141 889 1181 haec
918 1140 1116 1193 legimus:

179 1218 273 1260 684.
321 1216 512 1259 λεύσσων
543 1216 587 1259 δὲ
618 1223 753 1260 ταῦτα
782 1216 861 1259 κού
891 1215 1035 1259 κλύων
1063 1215 1165 1268 (ἐκεῖ
1191 1214 1275 1269 γὰρ
1304 1208 1359 1267 ἦν

322 1291 409 1337 ἐνθ’
444 1292 590 1349 ἅρματ’
623 1292 847 1349 ἠγωνίζεθ’
880 1295 925 1336 οἵ
948 1292 978 1337 τ’
1014 1293 1259 1348 ἐπεμβάται)

180 1373 273 1415 686.
324 1370 443 1415 τάκεῖ
468 1373 663 1430 παρόντα
693 1371 829 1414 πολλὰ
859 1369 1011 1427 πήματ’
1045 1369 1126 1412 οὐκ
1156 1369 1236 1424 ἔχω

324 1451 365 1492 τί
393 1457 565 1505 πρῶτον
596 1451 711 1504 εἴπω,
743 1450 902 1505 πότερα
933 1450 1011 1505 τὴν
1041 1449 1081 1499 ἐς
1113 1446 1305 1501 οὐρανὸν

320 1527 442 1570 κόνιν
470 1526 879 1582 προςαντὲλλουσαν,
912 1527 969 1578 ὡς
998 1525 1132 1580 πολλὴ
1162 1531 1318 1581 παρῆν,

322 1606 347 1662 ἢ
377 1605 478 1657 τοὺς
508 1605 596 1648 ἄνω
626 1621 668 1648 τε
698 1605 768 1647 καὶ
798 1605 913 1648 κάτω
944 1602 1240 1660 φορουμένους

323 1685 468 1739 ἱμᾶσιν
498 1683 580 1726 urg.

258 1777 294 1804 v.
325 1763 406 1805 686
435 1765 482 1804 ut
511 1763 698 1817 spurium
728 1764 888 1804 notavit
916 1759 1219 1803 Herwerdenus
1257 1760 1478 1811 <Mne11105.

129 1841 166 1881 V
187 1855 225 1894 p.
241 1841 314 1889 373
337 1841 563 1882 assentitur
581 1841 647 1881 W.
670 1842 722 1882 H.
749 1843 797 1883 14
817 1856 855 1895 p.
874 1841 983 1892 181),
1003 1850 1120 1880 nam:
1150 1838 1370 1878 invenuste
1391 1836 1517 1876 inter-

126 1919 354 1972 polatorem
383 1931 508 1960 usum
538 1931 627 1961 esse
657 1919 868 1961 vocabulis
899 1916 1095 1972 παρόντα
1125 1913 1285 1968 πολλά,
1319 1914 1516 1966 sequente

127 1997 248 2038 tertio
285 1997 379 2050 post
413 2009 535 2038 versu
572 1995 707 2050 πολλὴ
737 2002 902 2051 παρῆν,
943 1997 1068 2048 atque
1098 1994 1269 2035 ridicule
1302 2005 1414 2042 eum,
1447 2005 1502 2044 qu

127 2072 263 2115 πολλὰ
293 2072 465 2128 πήματα
500 2076 745 2116 narraturus
777 2075 847 2125 sit,
876 2075 1008 2128 primo
1038 2075 1127 2115 1000
1165 2083 1395 2114 memorare
1427 2070 1518 2123 pul-

129 2163 279 2192 verem.
314 2175 361 2180 —
394 2164 432 2193 v.
463 2151 545 2194 686
575 2151 609 2192 si
639 2152 787 2193 Thesei
816 2152 883 2193 vel
911 2151 1081 2193 Adrasti
1113 2152 1232 2200 esset,
1273 2150 1384 2190 recte
1414 2148 1520 2189 Her-

129 2228 366 2269 werdenum
397 2229 609 2282 judicasse
647 2230 932 2279 concederem;
977 2231 1019 2270 at
1048 2229 1185 2269 nuntii
1217 2229 1299 2277 est,
1342 2239 1519 2280 quorum

130 2307 332 2348 orationes
362 2318 413 2347 ne
442 2307 572 2348 nimia
602 2308 810 2361 elegantia
838 2307 1117 2361 procederent,
1149 2306 1337 2347 consulto
1358 2316 1521 2358 semper

129 2384 346 2437 Euripides
376 2384 548 2426 studuit.
608 2384 700 2436 Qua
729 2386 777 2427 de
808 2399 850 2427 re
882 2384 1070 2426 conferas
1100 2383 1416 2433 Firnhaberum‚
1449 2381 1519 2435 qui

132 2460 540 2516 (chbc'idfligungen
568 2475 614 2505 2c.
652 2478 691 2517 p.
724 2463 776 2503 74
806 2475 866 2515 sq.
898 2464 939 2503 et
968 2462 1039 2512 89)
1078 2461 1231 2515 optime
1272 2460 1321 2502 de
1353 2460 1521 2501 nuntio-

129 2551 224 2580 rum
249 2552 396 2592 genere
419 2540 580 2582 dicendi
605 2541 842 2596 disputavit.
886 2540 947 2581 De
969 2539 1164 2580 orationis
1194 2539 1327 2592 figura
1344 2535 1423 2579 οὐκ
1439 2536 1518 2590 ἔχω

132 2617 173 2657 τί
192 2621 364 2670 πρῶτον
384 2617 486 2658 εἴπω
517 2618 566 2659 cf.
598 2619 650 2659 N.
683 2618 734 2659 ad
766 2617 890 2671 Soph.
926 2617 972 2659 O.
1005 2617 1048 2658 C.
1081 2618 1159 2659 317
1193 2619 1233 2658 et
1251 2617 1402 2657 Electr.
1424 2616 1519 2658 316.

266 2695 464 2735 Attamen
495 2695 543 2736 de
572 2696 649 2737 hoc
680 2695 847 2748 quidem
876 2695 964 2736 loco
992 2695 1081 2736 fieri
1111 2707 1230 2748 posse
1262 2694 1452 2753 concedo,
1474 2695 1521 2733 ut

140 2773 245 2814 alius
276 2773 394 2815 aliter
423 2775 606 2824 censeat,
644 2785 799 2815 errasse
829 2775 972 2815 tamen
1009 2773 1109 2826 puto
1139 2754 1422 2820 Dindorfiism,
1453 2772 1522 2829 qui
