1743 3163
769 212 822 256 33

105 344 344 387 Moschione
374 347 615 399 superatum
646 359 746 398 esse,
775 360 858 389 non
887 348 1017 397 video,
1049 360 1120 389 cur
1137 349 1344 401 putemus,
1364 343 1488 400 idque

107 435 153 464 66
181 423 322 464 minus
353 424 387 464 si
418 424 466 465 de
487 424 725 466 Moschione
746 426 956 480 Euripidis
985 426 1192 466 imitatore
1222 426 1331 466 16616
1358 425 1489 466 6661111

109 514 253 543 sumus
282 501 539 554 Wagnerum
569 503 619 544 ef.
650 518 688 557 p.
720 504 772 546 30
802 504 890 545 NB.
923 505 959 545 3.

238 592 352 644 Quae
384 607 512 646 quum
540 594 599 635 ita
630 594 713 636 sint
742 607 789 636 ex
808 607 903 636 mea
923 594 1130 636 sententia
1151 594 1201 635 ab
1222 594 1300 635 hac
1322 594 1489 648 quidem

105 670 221 723 parte
260 671 364 711 nihil
406 672 566 722 obstat,
608 673 828 725 quominus
868 685 1010 714 versus
1047 672 1139 713 illos
1181 672 1240 713 ita
1269 673 1317 713 ut
1346 671 1489 712 traditi

107 747 214 796 sunt,
243 747 472 789 Moschioni
501 734 753 797 tribuamus:
787 749 1066 802 conjecturam
1094 749 1221 802 igitur
1251 761 1273 790 a
1304 749 1489 790 Nauekio

110 823 225 875 (Eur.
257 823 331 877 frg.
363 825 424 866 ed.
454 825 498 866 ΙΙ
527 827 654 879 praef.
677 841 716 880 p.
735 827 831 877 XX)
863 828 1079 881 prolatam,
1108 827 1155 867 ut
1183 839 1255 879 pro
1284 818 1490 880 ἡμέτὲρον

107 900 336 943 scribamus
353 902 522 954 οἰκεῖον,
556 904 655 944 satis
677 904 843 956 quidem
863 905 911 945 ut
930 916 1002 958 pro
1024 903 1097 944 tali
1128 903 1213 944 viro
1245 902 1490 955 elegantem,

105 989 188 1019 non
217 979 358 1020 tamen
388 980 665 1021 necessariam
696 993 783 1021 esse
814 983 926 1033 puto.

238 1067 363 1110 Hune
385 1071 526 1111 autem
547 1071 799 1123 quaestionis
820 1070 1004 1111 ordinem
1025 1070 1293 1119 instituimus,
1309 1069 1489 1123 primum

107 1144 204 1198 quia
232 1145 346 1197 haec,
377 1160 481 1200 quae
510 1148 632 1189 modo
664 1148 860 1198 diximus,
890 1149 1144 1201 permultum
1175 1149 1316 1189 valent
1346 1148 1397 1188 ad
1428 1160 1490 1188 se-

108 1225 297 1277 quentia3
341 1225 488 1267 deinde
519 1227 676 1276 autem,
717 1239 768 1267 ne
801 1238 864 1277 ea,
908 1238 1012 1278 quae
1048 1225 1138 1278 jam
1167 1225 1287 1266 1161116
1319 1224 1491 1265 dicenda.

107 1304 215 1354 sunt,
246 1304 485 1356 quaestione
514 1304 586 1345 illa
617 1304 752 1345 subito
773 1304 1137 1356 interrumpanuis.
1184 1302 1265 1343 Sed
1286 1302 1337 1343 ad
1356 1302 1491 1354 ipsam

107 1381 256 1424 Thesei
286 1383 513 1425 orationem
544 1383 807 1432 accedamus,
850 1382 966 1434 cujus
1007 1382 1090 1422 tres
1120 1381 1324 1422 habemus
1353 1381 1491 1434 partes

107 1459 205 1502 has:
246 1459 381 1514 prima
410 1460 594 1501 Theseus
625 1461 852 1502 Adrastum
893 1460 941 1500 ut
980 1459 1100 1500 sileat
1130 1458 1371 1499 adhortatus
1402 1469 1490 1498 sose

109 1536 293 1579 defendit
313 1550 337 1579 a
355 1539 570 1592 praeconis
592 1538 795 1588 conviciis,
817 1537 935 1590 quasi
954 1537 1112 1578 bellum
1132 1538 1288 1577 temere
1307 1536 1489 1576 moveat:

107 1615 184 1666 „Se
226 1629 310 1658 non
350 1617 510 1659 bellum
547 1630 712 1660 movere
754 1617 876 1667 velle,
919 1615 990 1657 sed
1028 1628 1048 1656 e
1086 1627 1198 1655 more
1228 1614 1491 1655 Panellenieo

106 1707 318 1749 reposcere
357 1697 555 1738 mortuos.
612 1696 704 1737 Hae
744 1695 787 1736 in
831 1707 872 1736 re
916 1694 1014 1746 quid
1054 1706 1172 1747 posse
1215 1692 1492 1746 vitupe1·ari‘?“

106 1774 250 1815 Altera
280 1774 373 1816 dein
402 1777 518 1829 parte
548 1773 768 1817 537—547
787 1772 816 1823 ¹)
851 1772 1036 1813 omnium
1066 1784 1224 1812 morem
1253 1770 1373 1811 illum
1403 1782 1492 1810 esse

109 1851 362 1895 Graecorum
404 1853 537 1895 fusius
579 1853 824 1907 explicatur,
860 1863 994 1904 neque
1027 1850 1254 1903 quidquam
1285 1861 1390 1899 esse,
1422 1861 1494 1889 6111·

109 1943 278 1985 corpora
305 1932 565 1973 mortuorum
593 1944 677 1972 non
714 1931 911 1973 reddant:
954 1941 1054 1970 nam
1096 1928 1256 1978 61111113,
1299 1939 1403 1980 quae
1444 1926 1492 1968 de

107 2010 280 2051 mortuis
309 2023 392 2052 non
423 2009 669 2063 sepeliendis
698 2009 867 2063 proferri
896 2008 1074 2062 possint,
1116 2007 1286 2048 inanem
1323 2004 1492 2058 prodere

109 2089 408 2141 garrulitatem.
465 2088 665 2130 Versibus
686 2087 861 2140 denique
883 2086 1104 2128 549—563
1126 2084 1307 2138 exponit,
1328 2082 1493 2126 omnino

241 2266 270 2307 l)
293 2265 501 2300 Rectissime
516 2265 570 2300 W.
589 2277 619 2300 v.
638 2265 703 2300 548
727 2263 867 2309 quidem
884 2274 901 2297 6
918 2263 1083 2297 contextu
1109 2261 1266 2303 sustulit,
1283 2260 1346 2295 547
1364 2261 1493 2302 autem,

109 2344 176 2379 quo
201 2333 400 2368 referendus
424 2333 482 2376 sit,
498 2333 614 2366 minus
630 2333 723 2366 16616
738 2330 928 2373 judicavit;
954 2340 1016 2372 ego
1033 2327 1173 2373 quidem
1190 2326 1493 2372 persuasissimum

108 2401 236 2444 habeo,
260 2411 339 2435 eum
364 2400 408 2434 ad
438 2398 682 2444 praecedentia
711 2399 877 2442 spectare.
926 2396 1035 2439 Cujus
1066 2394 1278 2440 pronominis
1301 2391 1365 2428 ὅδε
1390 2393 1496 2437 signi-

110 2467 283 2502 ficationis
308 2466 509 2501 testimonia
534 2467 654 2501 afferre
678 2466 820 2509 longum
845 2466 908 2498 661.

241 2533 386 2568 Minime
421 2545 558 2579 quoque
593 2545 655 2568 nos
691 2543 789 2576 egere
822 2533 907 2576 puto
940 2531 1156 2575 conjectura,
1184 2540 1289 2574 quam
1313 2529 1494 2574 proposuit

109 2601 364 2637 Herwerdenus
398 2600 533 2644 (studia
557 2600 681 2634 critica.
703 2600 740 2634 in
764 2611 796 2644 p.
823 2610 868 2633 66.
893 2609 944 2642 gr.
969 2609 1001 2642 p.
1026 2597 1094 2641 29),
1129 2599 1171 2632 ut
1200 2608 1260 2642 pro
1293 2594 1495 2639 τάνάλωμα

110 2672 176 2714 τῆς
198 2667 362 2714 γλώσσης
386 2667 580 2702 scribamus
606 2665 684 2702 τᾶν.
710 2671 774 2711 τῆς
790 2665 945 2710 γνώμης.
977 2665 1055 2700 Jam
1073 2666 1176 2700 antea
1191 2664 1283 2699 idem
1300 2664 1496 2707 conjecerat

111 2735 351 2779 Marklanfflm,
376 2745 478 2780 quem
502 2735 595 2769 recte
619 2736 659 2768 ut
684 2736 767 2779 111116
792 2733 959 2767 refutavit
983 2731 1211 2767 Matthiaeus.

1275 2799 1296 2832 3

971 2889 994 2919 st
